{"exchange": "mock", "pair": "BTC-USDT", "timestamp_ms": 1754269200736, "side": "bid", "price": 50047.76653109031, "quantity": 8.012600999748685, "capture_latency_ms": 0.17499923706054688, "sequence_number": 1}
{"exchange": "mock", "pair": "BTC-USDT", "timestamp_ms": 1754269200736, "side": "bid", "price": 50042.761754437204, "quantity": 8.205499419021377, "capture_latency_ms": 0.17499923706054688, "sequence_number": 1}
{"exchange": "mock", "pair": "BTC-USDT", "timestamp_ms": 1754269200736, "side": "bid", "price": 50037.75697778409, "quantity": 2.362507338780765, "capture_latency_ms": 0.17499923706054688, "sequence_number": 1}
{"exchange": "mock", "pair": "BTC-USDT", "timestamp_ms": 1754269200736, "side": "bid", "price": 50032.752201130985, "quantity": 6.409806390300136, "capture_latency_ms": 0.17499923706054688, "sequence_number": 1}
{"exchange": "mock", "pair": "BTC-USDT", "timestamp_ms": 1754269200736, "side": "bid", "price": 50027.74742447787, "quantity": 9.885632336858254, "capture_latency_ms": 0.17499923706054688, "sequence_number": 1}
{"exchange": "mock", "pair": "BTC-USDT", "timestamp_ms": 1754269200736, "side": "bid", "price": 50022.742647824765, "quantity": 7.023396291795686, "capture_latency_ms": 0.17499923706054688, "sequence_number": 1}
{"exchange": "mock", "pair": "BTC-USDT", "timestamp_ms": 1754269200736, "side": "bid", "price": 50017.73787117166, "quantity": 11.773295436747203, "capture_latency_ms": 0.17499923706054688, "sequence_number": 1}
{"exchange": "mock", "pair": "BTC-USDT", "timestamp_ms": 1754269200736, "side": "bid", "price": 50012.733094518546, "quantity": 9.809921210359539, "capture_latency_ms": 0.17499923706054688, "sequence_number": 1}
{"exchange": "mock", "pair": "BTC-USDT", "timestamp_ms": 1754269200736, "side": "bid", "price": 50007.72831786544, "quantity": 4.4910643810677895, "capture_latency_ms": 0.17499923706054688, "sequence_number": 1}
{"exchange": "mock", "pair": "BTC-USDT", "timestamp_ms": 1754269200736, "side": "bid", "price": 50002.72354121233, "quantity": 1.2531673506841456, "capture_latency_ms": 0.17499923706054688, "sequence_number": 1}
{"exchange": "mock", "pair": "BTC-USDT", "timestamp_ms": 1754269200736, "side": "bid", "price": 49997.71876455922, "quantity": 1.2783105505334467, "capture_latency_ms": 0.17499923706054688, "sequence_number": 1}
{"exchange": "mock", "pair": "BTC-USDT", "timestamp_ms": 1754269200736, "side": "bid", "price": 49992.713987906114, "quantity": 20.989044725322486, "capture_latency_ms": 0.17499923706054688, "sequence_number": 1}
{"exchange": "mock", "pair": "BTC-USDT", "timestamp_ms": 1754269200736, "side": "bid", "price": 49987.709211253, "quantity": 6.1838481152975655, "capture_latency_ms": 0.17499923706054688, "sequence_number": 1}
{"exchange": "mock", "pair": "BTC-USDT", "timestamp_ms": 1754269200736, "side": "bid", "price": 49982.704434599895, "quantity": 6.676613692891717, "capture_latency_ms": 0.17499923706054688, "sequence_number": 1}
{"exchange": "mock", "pair": "BTC-USDT", "timestamp_ms": 1754269200736, "side": "bid", "price": 49977.69965794678, "quantity": 15.600839618684256, "capture_latency_ms": 0.17499923706054688, "sequence_number": 1}
{"exchange": "mock", "pair": "BTC-USDT", "timestamp_ms": 1754269200736, "side": "bid", "price": 49972.694881293675, "quantity": 23.096190442948576, "capture_latency_ms": 0.17499923706054688, "sequence_number": 1}
{"exchange": "mock", "pair": "BTC-USDT", "timestamp_ms": 1754269200736, "side": "bid", "price": 49967.69010464057, "quantity": 6.707915850240811, "capture_latency_ms": 0.17499923706054688, "sequence_number": 1}
{"exchange": "mock", "pair": "BTC-USDT", "timestamp_ms": 1754269200736, "side": "bid", "price": 49962.685327987456, "quantity": 5.718516563082841, "capture_latency_ms": 0.17499923706054688, "sequence_number": 1}
{"exchange": "mock", "pair": "BTC-USDT", "timestamp_ms": 1754269200736, "side": "bid", "price": 49957.68055133435, "quantity": 24.464752744885544, "capture_latency_ms": 0.17499923706054688, "sequence_number": 1}
{"exchange": "mock", "pair": "BTC-USDT", "timestamp_ms": 1754269200736, "side": "bid", "price": 49952.67577468124, "quantity": 19.30750575508243, "capture_latency_ms": 0.17499923706054688, "sequence_number": 1}
{"exchange": "mock", "pair": "BTC-USDT", "timestamp_ms": 1754269200736, "side": "bid", "price": 49947.67099802813, "quantity": 0.491018301571059, "capture_latency_ms": 0.17499923706054688, "sequence_number": 1}
{"exchange": "mock", "pair": "BTC-USDT", "timestamp_ms": 1754269200736, "side": "bid", "price": 49942.666221375024, "quantity": 13.828967967755245, "capture_latency_ms": 0.17499923706054688, "sequence_number": 1}
{"exchange": "mock", "pair": "BTC-USDT", "timestamp_ms": 1754269200736, "side": "bid", "price": 49937.66144472191, "quantity": 25.196000543060578, "capture_latency_ms": 0.17499923706054688, "sequence_number": 1}
{"exchange": "mock", "pair": "BTC-USDT", "timestamp_ms": 1754269200736, "side": "bid", "price": 49932.656668068805, "quantity": 26.910265842430558, "capture_latency_ms": 0.17499923706054688, "sequence_number": 1}
{"exchange": "mock", "pair": "BTC-USDT", "timestamp_ms": 1754269200736, "side": "bid", "price": 49927.65189141569, "quantity": 13.100635699268594, "capture_latency_ms": 0.17499923706054688, "sequence_number": 1}
{"exchange": "mock", "pair": "BTC-USDT", "timestamp_ms": 1754269200736, "side": "bid", "price": 49922.647114762585, "quantity": 23.63462021066113, "capture_latency_ms": 0.17499923706054688, "sequence_number": 1}
{"exchange": "mock", "pair": "BTC-USDT", "timestamp_ms": 1754269200736, "side": "bid", "price": 49917.64233810947, "quantity": 17.211211607738917, "capture_latency_ms": 0.17499923706054688, "sequence_number": 1}
{"exchange": "mock", "pair": "BTC-USDT", "timestamp_ms": 1754269200736, "side": "bid", "price": 49912.637561456366, "quantity": 32.3671582253247, "capture_latency_ms": 0.17499923706054688, "sequence_number": 1}
{"exchange": "mock", "pair": "BTC-USDT", "timestamp_ms": 1754269200736, "side": "bid", "price": 49907.63278480326, "quantity": 16.310424243948688, "capture_latency_ms": 0.17499923706054688, "sequence_number": 1}
{"exchange": "mock", "pair": "BTC-USDT", "timestamp_ms": 1754269200736, "side": "bid", "price": 49902.628008150146, "quantity": 4.63451752820845, "capture_latency_ms": 0.17499923706054688, "sequence_number": 1}
{"exchange": "mock", "pair": "BTC-USDT", "timestamp_ms": 1754269200736, "side": "bid", "price": 49897.62323149704, "quantity": 13.75792812990107, "capture_latency_ms": 0.17499923706054688, "sequence_number": 1}
{"exchange": "mock", "pair": "BTC-USDT", "timestamp_ms": 1754269200736, "side": "bid", "price": 49892.61845484393, "quantity": 5.764180870443871, "capture_latency_ms": 0.17499923706054688, "sequence_number": 1}
{"exchange": "mock", "pair": "BTC-USDT", "timestamp_ms": 1754269200736, "side": "bid", "price": 49887.61367819082, "quantity": 36.77418899197083, "capture_latency_ms": 0.17499923706054688, "sequence_number": 1}
{"exchange": "mock", "pair": "BTC-USDT", "timestamp_ms": 1754269200736, "side": "bid", "price": 49882.608901537715, "quantity": 15.723017530755127, "capture_latency_ms": 0.17499923706054688, "sequence_number": 1}
{"exchange": "mock", "pair": "BTC-USDT", "timestamp_ms": 1754269200736, "side": "bid", "price": 49877.6041248846, "quantity": 28.70659514423208, "capture_latency_ms": 0.17499923706054688, "sequence_number": 1}
{"exchange": "mock", "pair": "BTC-USDT", "timestamp_ms": 1754269200736, "side": "bid", "price": 49872.599348231495, "quantity": 16.939591654403575, "capture_latency_ms": 0.17499923706054688, "sequence_number": 1}
{"exchange": "mock", "pair": "BTC-USDT", "timestamp_ms": 1754269200736, "side": "bid", "price": 49867.59457157838, "quantity": 5.71855891545966, "capture_latency_ms": 0.17499923706054688, "sequence_number": 1}
{"exchange": "mock", "pair": "BTC-USDT", "timestamp_ms": 1754269200736, "side": "bid", "price": 49862.589794925276, "quantity": 1.7824036370984615, "capture_latency_ms": 0.17499923706054688, "sequence_number": 1}
{"exchange": "mock", "pair": "BTC-USDT", "timestamp_ms": 1754269200736, "side": "bid", "price": 49857.58501827217, "quantity": 30.995601069412178, "capture_latency_ms": 0.17499923706054688, "sequence_number": 1}
{"exchange": "mock", "pair": "BTC-USDT", "timestamp_ms": 1754269200736, "side": "bid", "price": 49852.580241619056, "quantity": 47.14754679491792, "capture_latency_ms": 0.17499923706054688, "sequence_number": 1}
{"exchange": "mock", "pair": "BTC-USDT", "timestamp_ms": 1754269200736, "side": "bid", "price": 49847.57546496595, "quantity": 20.143422169702717, "capture_latency_ms": 0.17499923706054688, "sequence_number": 1}
{"exchange": "mock", "pair": "BTC-USDT", "timestamp_ms": 1754269200736, "side": "bid", "price": 49842.57068831284, "quantity": 49.98930295109768, "capture_latency_ms": 0.17499923706054688, "sequence_number": 1}
{"exchange": "mock", "pair": "BTC-USDT", "timestamp_ms": 1754269200736, "side": "bid", "price": 49837.56591165973, "quantity": 24.066274756178228, "capture_latency_ms": 0.17499923706054688, "sequence_number": 1}
{"exchange": "mock", "pair": "BTC-USDT", "timestamp_ms": 1754269200736, "side": "bid", "price": 49832.561135006625, "quantity": 51.74007049946402, "capture_latency_ms": 0.17499923706054688, "sequence_number": 1}
{"exchange": "mock", "pair": "BTC-USDT", "timestamp_ms": 1754269200736, "side": "bid", "price": 49827.55635835351, "quantity": 3.186850302346982, "capture_latency_ms": 0.17499923706054688, "sequence_number": 1}
{"exchange": "mock", "pair": "BTC-USDT", "timestamp_ms": 1754269200736, "side": "bid", "price": 49822.551581700405, "quantity": 33.01997032497803, "capture_latency_ms": 0.17499923706054688, "sequence_number": 1}
{"exchange": "mock", "pair": "BTC-USDT", "timestamp_ms": 1754269200736, "side": "bid", "price": 49817.54680504729, "quantity": 45.41339648351969, "capture_latency_ms": 0.17499923706054688, "sequence_number": 1}
{"exchange": "mock", "pair": "BTC-USDT", "timestamp_ms": 1754269200736, "side": "bid", "price": 49812.542028394186, "quantity": 6.731204884743804, "capture_latency_ms": 0.17499923706054688, "sequence_number": 1}
{"exchange": "mock", "pair": "BTC-USDT", "timestamp_ms": 1754269200736, "side": "bid", "price": 49807.53725174108, "quantity": 43.82897499110734, "capture_latency_ms": 0.17499923706054688, "sequence_number": 1}
{"exchange": "mock", "pair": "BTC-USDT", "timestamp_ms": 1754269200736, "side": "bid", "price": 49802.532475087966, "quantity": 37.71434012985572, "capture_latency_ms": 0.17499923706054688, "sequence_number": 1}
{"exchange": "mock", "pair": "BTC-USDT", "timestamp_ms": 1754269200736, "side": "bid", "price": 49797.52769843486, "quantity": 20.744099744783345, "capture_latency_ms": 0.17499923706054688, "sequence_number": 1}
{"exchange": "mock", "pair": "BTC-USDT", "timestamp_ms": 1754269200736, "side": "bid", "price": 49792.52292178175, "quantity": 40.70171833957569, "capture_latency_ms": 0.17499923706054688, "sequence_number": 1}
{"exchange": "mock", "pair": "BTC-USDT", "timestamp_ms": 1754269200736, "side": "bid", "price": 49787.51814512864, "quantity": 57.131020241536774, "capture_latency_ms": 0.17499923706054688, "sequence_number": 1}
{"exchange": "mock", "pair": "BTC-USDT", "timestamp_ms": 1754269200736, "side": "bid", "price": 49782.513368475535, "quantity": 51.71138719955239, "capture_latency_ms": 0.17499923706054688, "sequence_number": 1}
{"exchange": "mock", "pair": "BTC-USDT", "timestamp_ms": 1754269200736, "side": "bid", "price": 49777.50859182242, "quantity": 24.390051704450567, "capture_latency_ms": 0.17499923706054688, "sequence_number": 1}
{"exchange": "mock", "pair": "BTC-USDT", "timestamp_ms": 1754269200736, "side": "bid", "price": 49772.503815169315, "quantity": 8.428761570918253, "capture_latency_ms": 0.17499923706054688, "sequence_number": 1}
{"exchange": "mock", "pair": "BTC-USDT", "timestamp_ms": 1754269200736, "side": "bid", "price": 49767.4990385162, "quantity": 28.361479205850912, "capture_latency_ms": 0.17499923706054688, "sequence_number": 1}
{"exchange": "mock", "pair": "BTC-USDT", "timestamp_ms": 1754269200736, "side": "bid", "price": 49762.494261863096, "quantity": 51.39762542201237, "capture_latency_ms": 0.17499923706054688, "sequence_number": 1}
{"exchange": "mock", "pair": "BTC-USDT", "timestamp_ms": 1754269200736, "side": "bid", "price": 49757.48948520999, "quantity": 49.63943319577715, "capture_latency_ms": 0.17499923706054688, "sequence_number": 1}
{"exchange": "mock", "pair": "BTC-USDT", "timestamp_ms": 1754269200736, "side": "bid", "price": 49752.484708556876, "quantity": 24.833683873831127, "capture_latency_ms": 0.17499923706054688, "sequence_number": 1}
{"exchange": "mock", "pair": "BTC-USDT", "timestamp_ms": 1754269200736, "side": "bid", "price": 49747.47993190377, "quantity": 2.9286109683732526, "capture_latency_ms": 0.17499923706054688, "sequence_number": 1}
{"exchange": "mock", "pair": "BTC-USDT", "timestamp_ms": 1754269200736, "side": "bid", "price": 49742.47515525066, "quantity": 6.039787217068889, "capture_latency_ms": 0.17499923706054688, "sequence_number": 1}
{"exchange": "mock", "pair": "BTC-USDT", "timestamp_ms": 1754269200736, "side": "bid", "price": 49737.47037859755, "quantity": 17.559267502623854, "capture_latency_ms": 0.17499923706054688, "sequence_number": 1}
{"exchange": "mock", "pair": "BTC-USDT", "timestamp_ms": 1754269200736, "side": "bid", "price": 49732.465601944445, "quantity": 71.4076918420282, "capture_latency_ms": 0.17499923706054688, "sequence_number": 1}
{"exchange": "mock", "pair": "BTC-USDT", "timestamp_ms": 1754269200736, "side": "bid", "price": 49727.46082529133, "quantity": 29.680750285688752, "capture_latency_ms": 0.17499923706054688, "sequence_number": 1}
{"exchange": "mock", "pair": "BTC-USDT", "timestamp_ms": 1754269200736, "side": "bid", "price": 49722.456048638225, "quantity": 22.16513098595994, "capture_latency_ms": 0.17499923706054688, "sequence_number": 1}
{"exchange": "mock", "pair": "BTC-USDT", "timestamp_ms": 1754269200736, "side": "bid", "price": 49717.45127198511, "quantity": 28.268401889842732, "capture_latency_ms": 0.17499923706054688, "sequence_number": 1}
{"exchange": "mock", "pair": "BTC-USDT", "timestamp_ms": 1754269200736, "side": "bid", "price": 49712.446495332006, "quantity": 56.96517733208719, "capture_latency_ms": 0.17499923706054688, "sequence_number": 1}
{"exchange": "mock", "pair": "BTC-USDT", "timestamp_ms": 1754269200736, "side": "bid", "price": 49707.4417186789, "quantity": 27.195916540548396, "capture_latency_ms": 0.17499923706054688, "sequence_number": 1}
{"exchange": "mock", "pair": "BTC-USDT", "timestamp_ms": 1754269200736, "side": "bid", "price": 49702.436942025786, "quantity": 25.72697627948445, "capture_latency_ms": 0.17499923706054688, "sequence_number": 1}
{"exchange": "mock", "pair": "BTC-USDT", "timestamp_ms": 1754269200736, "side": "bid", "price": 49697.43216537268, "quantity": 4.152423610639504, "capture_latency_ms": 0.17499923706054688, "sequence_number": 1}
{"exchange": "mock", "pair": "BTC-USDT", "timestamp_ms": 1754269200736, "side": "bid", "price": 49692.42738871957, "quantity": 45.25788566292788, "capture_latency_ms": 0.17499923706054688, "sequence_number": 1}
{"exchange": "mock", "pair": "BTC-USDT", "timestamp_ms": 1754269200736, "side": "bid", "price": 49687.42261206646, "quantity": 5.216299105844718, "capture_latency_ms": 0.17499923706054688, "sequence_number": 1}
{"exchange": "mock", "pair": "BTC-USDT", "timestamp_ms": 1754269200736, "side": "bid", "price": 49682.417835413355, "quantity": 21.19519569983666, "capture_latency_ms": 0.17499923706054688, "sequence_number": 1}
{"exchange": "mock", "pair": "BTC-USDT", "timestamp_ms": 1754269200736, "side": "bid", "price": 49677.41305876024, "quantity": 68.81385750721579, "capture_latency_ms": 0.17499923706054688, "sequence_number": 1}
{"exchange": "mock", "pair": "BTC-USDT", "timestamp_ms": 1754269200736, "side": "bid", "price": 49672.408282107135, "quantity": 21.221126734378235, "capture_latency_ms": 0.17499923706054688, "sequence_number": 1}
{"exchange": "mock", "pair": "BTC-USDT", "timestamp_ms": 1754269200736, "side": "bid", "price": 49667.40350545402, "quantity": 56.80982878023493, "capture_latency_ms": 0.17499923706054688, "sequence_number": 1}
{"exchange": "mock", "pair": "BTC-USDT", "timestamp_ms": 1754269200736, "side": "bid", "price": 49662.398728800916, "quantity": 58.80697013711303, "capture_latency_ms": 0.17499923706054688, "sequence_number": 1}
{"exchange": "mock", "pair": "BTC-USDT", "timestamp_ms": 1754269200736, "side": "bid", "price": 49657.3939521478, "quantity": 55.03565951002847, "capture_latency_ms": 0.17499923706054688, "sequence_number": 1}
{"exchange": "mock", "pair": "BTC-USDT", "timestamp_ms": 1754269200736, "side": "bid", "price": 49652.389175494696, "quantity": 73.99116649223826, "capture_latency_ms": 0.17499923706054688, "sequence_number": 1}
{"exchange": "mock", "pair": "BTC-USDT", "timestamp_ms": 1754269200736, "side": "bid", "price": 49647.38439884159, "quantity": 3.3058502486196386, "capture_latency_ms": 0.17499923706054688, "sequence_number": 1}
{"exchange": "mock", "pair": "BTC-USDT", "timestamp_ms": 1754269200736, "side": "bid", "price": 49642.37962218848, "quantity": 11.792911560025306, "capture_latency_ms": 0.17499923706054688, "sequence_number": 1}
{"exchange": "mock", "pair": "BTC-USDT", "timestamp_ms": 1754269200736, "side": "bid", "price": 49637.37484553537, "quantity": 70.44746862894343, "capture_latency_ms": 0.17499923706054688, "sequence_number": 1}
{"exchange": "mock", "pair": "BTC-USDT", "timestamp_ms": 1754269200736, "side": "bid", "price": 49632.37006888226, "quantity": 21.811608796630402, "capture_latency_ms": 0.17499923706054688, "sequence_number": 1}
{"exchange": "mock", "pair": "BTC-USDT", "timestamp_ms": 1754269200736, "side": "bid", "price": 49627.36529222915, "quantity": 66.30993657338666, "capture_latency_ms": 0.17499923706054688, "sequence_number": 1}
{"exchange": "mock", "pair": "BTC-USDT", "timestamp_ms": 1754269200736, "side": "bid", "price": 49622.360515576045, "quantity": 5.924244145855247, "capture_latency_ms": 0.17499923706054688, "sequence_number": 1}
{"exchange": "mock", "pair": "BTC-USDT", "timestamp_ms": 1754269200736, "side": "bid", "price": 49617.35573892293, "quantity": 37.11423074749245, "capture_latency_ms": 0.17499923706054688, "sequence_number": 1}
{"exchange": "mock", "pair": "BTC-USDT", "timestamp_ms": 1754269200736, "side": "bid", "price": 49612.350962269826, "quantity": 62.39681102139676, "capture_latency_ms": 0.17499923706054688, "sequence_number": 1}
{"exchange": "mock", "pair": "BTC-USDT", "timestamp_ms": 1754269200736, "side": "bid", "price": 49607.34618561671, "quantity": 90.99929342003345, "capture_latency_ms": 0.17499923706054688, "sequence_number": 1}
{"exchange": "mock", "pair": "BTC-USDT", "timestamp_ms": 1754269200736, "side": "bid", "price": 49602.341408963606, "quantity": 5.751911081039213, "capture_latency_ms": 0.17499923706054688, "sequence_number": 1}
{"exchange": "mock", "pair": "BTC-USDT", "timestamp_ms": 1754269200736, "side": "bid", "price": 49597.3366323105, "quantity": 95.21717731401145, "capture_latency_ms": 0.17499923706054688, "sequence_number": 1}
{"exchange": "mock", "pair": "BTC-USDT", "timestamp_ms": 1754269200736, "side": "bid", "price": 49592.33185565739, "quantity": 70.6647874992756, "capture_latency_ms": 0.17499923706054688, "sequence_number": 1}
{"exchange": "mock", "pair": "BTC-USDT", "timestamp_ms": 1754269200736, "side": "bid", "price": 49587.32707900428, "quantity": 19.863466649442017, "capture_latency_ms": 0.17499923706054688, "sequence_number": 1}
{"exchange": "mock", "pair": "BTC-USDT", "timestamp_ms": 1754269200736, "side": "bid", "price": 49582.32230235117, "quantity": 23.3749427014382, "capture_latency_ms": 0.17499923706054688, "sequence_number": 1}
{"exchange": "mock", "pair": "BTC-USDT", "timestamp_ms": 1754269200736, "side": "bid", "price": 49577.31752569806, "quantity": 8.611673603613324, "capture_latency_ms": 0.17499923706054688, "sequence_number": 1}
{"exchange": "mock", "pair": "BTC-USDT", "timestamp_ms": 1754269200736, "side": "bid", "price": 49572.312749044955, "quantity": 16.82920999088572, "capture_latency_ms": 0.17499923706054688, "sequence_number": 1}
{"exchange": "mock", "pair": "BTC-USDT", "timestamp_ms": 1754269200736, "side": "bid", "price": 49567.30797239184, "quantity": 66.67937133829398, "capture_latency_ms": 0.17499923706054688, "sequence_number": 1}
{"exchange": "mock", "pair": "BTC-USDT", "timestamp_ms": 1754269200736, "side": "bid", "price": 49562.303195738736, "quantity": 28.759601114868566, "capture_latency_ms": 0.17499923706054688, "sequence_number": 1}
{"exchange": "mock", "pair": "BTC-USDT", "timestamp_ms": 1754269200736, "side": "bid", "price": 49557.29841908562, "quantity": 60.92614856032422, "capture_latency_ms": 0.17499923706054688, "sequence_number": 1}
{"exchange": "mock", "pair": "BTC-USDT", "timestamp_ms": 1754269200736, "side": "bid", "price": 49552.293642432516, "quantity": 104.61914181247359, "capture_latency_ms": 0.17499923706054688, "sequence_number": 1}
{"exchange": "mock", "pair": "BTC-USDT", "timestamp_ms": 1754269200736, "side": "ask", "price": 50047.76653109031, "quantity": 1.3771880770819158, "capture_latency_ms": 0.17499923706054688, "sequence_number": 1}
{"exchange": "mock", "pair": "BTC-USDT", "timestamp_ms": 1754269200736, "side": "ask", "price": 50052.77130774342, "quantity": 2.8951627642981723, "capture_latency_ms": 0.17499923706054688, "sequence_number": 1}
{"exchange": "mock", "pair": "BTC-USDT", "timestamp_ms": 1754269200736, "side": "ask", "price": 50057.77608439653, "quantity": 1.1868662474084712, "capture_latency_ms": 0.17499923706054688, "sequence_number": 1}
{"exchange": "mock", "pair": "BTC-USDT", "timestamp_ms": 1754269200736, "side": "ask", "price": 50062.780861049636, "quantity": 7.281567384268764, "capture_latency_ms": 0.17499923706054688, "sequence_number": 1}
{"exchange": "mock", "pair": "BTC-USDT", "timestamp_ms": 1754269200736, "side": "ask", "price": 50067.78563770275, "quantity": 7.80479439196115, "capture_latency_ms": 0.17499923706054688, "sequence_number": 1}
{"exchange": "mock", "pair": "BTC-USDT", "timestamp_ms": 1754269200736, "side": "ask", "price": 50072.790414355855, "quantity": 0.9474168501602969, "capture_latency_ms": 0.17499923706054688, "sequence_number": 1}
{"exchange": "mock", "pair": "BTC-USDT", "timestamp_ms": 1754269200736, "side": "ask", "price": 50077.79519100896, "quantity": 0.8924739624934959, "capture_latency_ms": 0.17499923706054688, "sequence_number": 1}
{"exchange": "mock", "pair": "BTC-USDT", "timestamp_ms": 1754269200736, "side": "ask", "price": 50082.799967662075, "quantity": 5.3194782724574745, "capture_latency_ms": 0.17499923706054688, "sequence_number": 1}
{"exchange": "mock", "pair": "BTC-USDT", "timestamp_ms": 1754269200736, "side": "ask", "price": 50087.80474431518, "quantity": 5.531215182343728, "capture_latency_ms": 0.17499923706054688, "sequence_number": 1}
{"exchange": "mock", "pair": "BTC-USDT", "timestamp_ms": 1754269200736, "side": "ask", "price": 50092.809520968294, "quantity": 3.9832932154104097, "capture_latency_ms": 0.17499923706054688, "sequence_number": 1}
{"exchange": "mock", "pair": "BTC-USDT", "timestamp_ms": 1754269200736, "side": "ask", "price": 50097.8142976214, "quantity": 1.5211578014191125, "capture_latency_ms": 0.17499923706054688, "sequence_number": 1}
{"exchange": "mock", "pair": "BTC-USDT", "timestamp_ms": 1754269200736, "side": "ask", "price": 50102.81907427451, "quantity": 0.7607035978877483, "capture_latency_ms": 0.17499923706054688, "sequence_number": 1}
{"exchange": "mock", "pair": "BTC-USDT", "timestamp_ms": 1754269200736, "side": "ask", "price": 50107.82385092762, "quantity": 1.3243732587138344, "capture_latency_ms": 0.17499923706054688, "sequence_number": 1}
{"exchange": "mock", "pair": "BTC-USDT", "timestamp_ms": 1754269200736, "side": "ask", "price": 50112.828627580726, "quantity": 0.9448587450477474, "capture_latency_ms": 0.17499923706054688, "sequence_number": 1}
{"exchange": "mock", "pair": "BTC-USDT", "timestamp_ms": 1754269200736, "side": "ask", "price": 50117.83340423384, "quantity": 2.0948422132725306, "capture_latency_ms": 0.17499923706054688, "sequence_number": 1}
{"exchange": "mock", "pair": "BTC-USDT", "timestamp_ms": 1754269200736, "side": "ask", "price": 50122.838180886945, "quantity": 0.9482896624691451, "capture_latency_ms": 0.17499923706054688, "sequence_number": 1}
{"exchange": "mock", "pair": "BTC-USDT", "timestamp_ms": 1754269200736, "side": "ask", "price": 50127.84295754005, "quantity": 1.7965207859010681, "capture_latency_ms": 0.17499923706054688, "sequence_number": 1}
{"exchange": "mock", "pair": "BTC-USDT", "timestamp_ms": 1754269200736, "side": "ask", "price": 50132.847734193165, "quantity": 1.0762731217340546, "capture_latency_ms": 0.17499923706054688, "sequence_number": 1}
{"exchange": "mock", "pair": "BTC-USDT", "timestamp_ms": 1754269200736, "side": "ask", "price": 50137.85251084627, "quantity": 0.3530243594131947, "capture_latency_ms": 0.17499923706054688, "sequence_number": 1}
{"exchange": "mock", "pair": "BTC-USDT", "timestamp_ms": 1754269200736, "side": "ask", "price": 50142.857287499384, "quantity": 0.02092827340719796, "capture_latency_ms": 0.17499923706054688, "sequence_number": 1}
{"exchange": "mock", "pair": "BTC-USDT", "timestamp_ms": 1754269200736, "side": "ask", "price": 50147.86206415249, "quantity": 0.0, "capture_latency_ms": 0.17499923706054688, "sequence_number": 1}
{"exchange": "mock", "pair": "BTC-USDT", "timestamp_ms": 1754269200736, "side": "ask", "price": 50152.8668408056, "quantity": -0.4705576978713856, "capture_latency_ms": 0.17499923706054688, "sequence_number": 1}
{"exchange": "mock", "pair": "BTC-USDT", "timestamp_ms": 1754269200736, "side": "ask", "price": 50157.87161745871, "quantity": -0.5369819891803927, "capture_latency_ms": 0.17499923706054688, "sequence_number": 1}
{"exchange": "mock", "pair": "BTC-USDT", "timestamp_ms": 1754269200736, "side": "ask", "price": 50162.876394111816, "quantity": -1.301623355099584, "capture_latency_ms": 0.17499923706054688, "sequence_number": 1}
{"exchange": "mock", "pair": "BTC-USDT", "timestamp_ms": 1754269200736, "side": "ask", "price": 50167.88117076493, "quantity": -1.8403859187240295, "capture_latency_ms": 0.17499923706054688, "sequence_number": 1}
{"exchange": "mock", "pair": "BTC-USDT", "timestamp_ms": 1754269200736, "side": "ask", "price": 50172.885947418035, "quantity": -1.994570943679472, "capture_latency_ms": 0.17499923706054688, "sequence_number": 1}
{"exchange": "mock", "pair": "BTC-USDT", "timestamp_ms": 1754269200736, "side": "ask", "price": 50177.89072407115, "quantity": -2.1568635949183137, "capture_latency_ms": 0.17499923706054688, "sequence_number": 1}
{"exchange": "mock", "pair": "BTC-USDT", "timestamp_ms": 1754269200736, "side": "ask", "price": 50182.895500724255, "quantity": -1.4202577078762917, "capture_latency_ms": 0.17499923706054688, "sequence_number": 1}
{"exchange": "mock", "pair": "BTC-USDT", "timestamp_ms": 1754269200736, "side": "ask", "price": 50187.90027737736, "quantity": -2.8907409330116174, "capture_latency_ms": 0.17499923706054688, "sequence_number": 1}
{"exchange": "mock", "pair": "BTC-USDT", "timestamp_ms": 1754269200736, "side": "ask", "price": 50192.905054030474, "quantity": -4.33566661430053, "capture_latency_ms": 0.17499923706054688, "sequence_number": 1}
{"exchange": "mock", "pair": "BTC-USDT", "timestamp_ms": 1754269200736, "side": "ask", "price": 50197.90983068358, "quantity": -2.7091637627393896, "capture_latency_ms": 0.17499923706054688, "sequence_number": 1}
{"exchange": "mock", "pair": "BTC-USDT", "timestamp_ms": 1754269200736, "side": "ask", "price": 50202.914607336694, "quantity": -2.741993183990773, "capture_latency_ms": 0.17499923706054688, "sequence_number": 1}
{"exchange": "mock", "pair": "BTC-USDT", "timestamp_ms": 1754269200736, "side": "ask", "price": 50207.9193839898, "quantity": -5.405883330931358, "capture_latency_ms": 0.17499923706054688, "sequence_number": 1}
{"exchange": "mock", "pair": "BTC-USDT", "timestamp_ms": 1754269200736, "side": "ask", "price": 50212.924160642906, "quantity": -4.680430657816095, "capture_latency_ms": 0.17499923706054688, "sequence_number": 1}
{"exchange": "mock", "pair": "BTC-USDT", "timestamp_ms": 1754269200736, "side": "ask", "price": 50217.92893729602, "quantity": -5.3885281740212685, "capture_latency_ms": 0.17499923706054688, "sequence_number": 1}
{"exchange": "mock", "pair": "BTC-USDT", "timestamp_ms": 1754269200736, "side": "ask", "price": 50222.933713949125, "quantity": -6.79287400416046, "capture_latency_ms": 0.17499923706054688, "sequence_number": 1}
{"exchange": "mock", "pair": "BTC-USDT", "timestamp_ms": 1754269200736, "side": "ask", "price": 50227.93849060224, "quantity": -4.913108425122599, "capture_latency_ms": 0.17499923706054688, "sequence_number": 1}
{"exchange": "mock", "pair": "BTC-USDT", "timestamp_ms": 1754269200736, "side": "ask", "price": 50232.943267255345, "quantity": -0.8269873944984212, "capture_latency_ms": 0.17499923706054688, "sequence_number": 1}
{"exchange": "mock", "pair": "BTC-USDT", "timestamp_ms": 1754269200736, "side": "ask", "price": 50237.94804390845, "quantity": -4.8946339890262, "capture_latency_ms": 0.17499923706054688, "sequence_number": 1}
{"exchange": "mock", "pair": "BTC-USDT", "timestamp_ms": 1754269200736, "side": "ask", "price": 50242.952820561564, "quantity": -6.03932885661828, "capture_latency_ms": 0.17499923706054688, "sequence_number": 1}
{"exchange": "mock", "pair": "BTC-USDT", "timestamp_ms": 1754269200736, "side": "ask", "price": 50247.95759721467, "quantity": -4.0084812636308635, "capture_latency_ms": 0.17499923706054688, "sequence_number": 1}
{"exchange": "mock", "pair": "BTC-USDT", "timestamp_ms": 1754269200736, "side": "ask", "price": 50252.962373867784, "quantity": -3.834725083050295, "capture_latency_ms": 0.17499923706054688, "sequence_number": 1}
{"exchange": "mock", "pair": "BTC-USDT", "timestamp_ms": 1754269200736, "side": "ask", "price": 50257.96715052089, "quantity": -0.8827209992766457, "capture_latency_ms": 0.17499923706054688, "sequence_number": 1}
{"exchange": "mock", "pair": "BTC-USDT", "timestamp_ms": 1754269200736, "side": "ask", "price": 50262.971927173996, "quantity": -6.377542972090877, "capture_latency_ms": 0.17499923706054688, "sequence_number": 1}
{"exchange": "mock", "pair": "BTC-USDT", "timestamp_ms": 1754269200736, "side": "ask", "price": 50267.97670382711, "quantity": -4.377370810851175, "capture_latency_ms": 0.17499923706054688, "sequence_number": 1}
{"exchange": "mock", "pair": "BTC-USDT", "timestamp_ms": 1754269200736, "side": "ask", "price": 50272.981480480215, "quantity": -6.9915196797884605, "capture_latency_ms": 0.17499923706054688, "sequence_number": 1}
{"exchange": "mock", "pair": "BTC-USDT", "timestamp_ms": 1754269200736, "side": "ask", "price": 50277.98625713333, "quantity": -4.874104202138528, "capture_latency_ms": 0.17499923706054688, "sequence_number": 1}
{"exchange": "mock", "pair": "BTC-USDT", "timestamp_ms": 1754269200736, "side": "ask", "price": 50282.991033786435, "quantity": -4.2192947684140725, "capture_latency_ms": 0.17499923706054688, "sequence_number": 1}
{"exchange": "mock", "pair": "BTC-USDT", "timestamp_ms": 1754269200736, "side": "ask", "price": 50287.99581043954, "quantity": -7.023325109005793, "capture_latency_ms": 0.17499923706054688, "sequence_number": 1}
{"exchange": "mock", "pair": "BTC-USDT", "timestamp_ms": 1754269200736, "side": "ask", "price": 50293.000587092654, "quantity": -12.786713818999033, "capture_latency_ms": 0.17499923706054688, "sequence_number": 1}
{"exchange": "mock", "pair": "BTC-USDT", "timestamp_ms": 1754269200736, "side": "ask", "price": 50298.00536374576, "quantity": -7.042080540124411, "capture_latency_ms": 0.17499923706054688, "sequence_number": 1}
{"exchange": "mock", "pair": "BTC-USDT", "timestamp_ms": 1754269200736, "side": "ask", "price": 50303.010140398874, "quantity": -14.165564384891113, "capture_latency_ms": 0.17499923706054688, "sequence_number": 1}
{"exchange": "mock", "pair": "BTC-USDT", "timestamp_ms": 1754269200736, "side": "ask", "price": 50308.01491705198, "quantity": -2.3011900014865794, "capture_latency_ms": 0.17499923706054688, "sequence_number": 1}
{"exchange": "mock", "pair": "BTC-USDT", "timestamp_ms": 1754269200736, "side": "ask", "price": 50313.019693705086, "quantity": -4.725797192454571, "capture_latency_ms": 0.17499923706054688, "sequence_number": 1}
{"exchange": "mock", "pair": "BTC-USDT", "timestamp_ms": 1754269200736, "side": "ask", "price": 50318.0244703582, "quantity": -5.363965769739876, "capture_latency_ms": 0.17499923706054688, "sequence_number": 1}
{"exchange": "mock", "pair": "BTC-USDT", "timestamp_ms": 1754269200736, "side": "ask", "price": 50323.029247011305, "quantity": -6.236067065553432, "capture_latency_ms": 0.17499923706054688, "sequence_number": 1}
{"exchange": "mock", "pair": "BTC-USDT", "timestamp_ms": 1754269200736, "side": "ask", "price": 50328.03402366442, "quantity": -13.40029825260325, "capture_latency_ms": 0.17499923706054688, "sequence_number": 1}
{"exchange": "mock", "pair": "BTC-USDT", "timestamp_ms": 1754269200736, "side": "ask", "price": 50333.038800317525, "quantity": -7.920539160645266, "capture_latency_ms": 0.17499923706054688, "sequence_number": 1}
{"exchange": "mock", "pair": "BTC-USDT", "timestamp_ms": 1754269200736, "side": "ask", "price": 50338.04357697063, "quantity": -5.336696840300001, "capture_latency_ms": 0.17499923706054688, "sequence_number": 1}
{"exchange": "mock", "pair": "BTC-USDT", "timestamp_ms": 1754269200736, "side": "ask", "price": 50343.048353623744, "quantity": -11.847640482144078, "capture_latency_ms": 0.17499923706054688, "sequence_number": 1}
{"exchange": "mock", "pair": "BTC-USDT", "timestamp_ms": 1754269200736, "side": "ask", "price": 50348.05313027685, "quantity": -19.32294627411282, "capture_latency_ms": 0.17499923706054688, "sequence_number": 1}
{"exchange": "mock", "pair": "BTC-USDT", "timestamp_ms": 1754269200736, "side": "ask", "price": 50353.057906929964, "quantity": -18.54311783192041, "capture_latency_ms": 0.17499923706054688, "sequence_number": 1}
{"exchange": "mock", "pair": "BTC-USDT", "timestamp_ms": 1754269200736, "side": "ask", "price": 50358.06268358307, "quantity": -11.563177959868147, "capture_latency_ms": 0.17499923706054688, "sequence_number": 1}
{"exchange": "mock", "pair": "BTC-USDT", "timestamp_ms": 1754269200736, "side": "ask", "price": 50363.067460236176, "quantity": -14.955949006862733, "capture_latency_ms": 0.17499923706054688, "sequence_number": 1}
{"exchange": "mock", "pair": "BTC-USDT", "timestamp_ms": 1754269200736, "side": "ask", "price": 50368.07223688929, "quantity": -13.821808322965932, "capture_latency_ms": 0.17499923706054688, "sequence_number": 1}
{"exchange": "mock", "pair": "BTC-USDT", "timestamp_ms": 1754269200736, "side": "ask", "price": 50373.077013542395, "quantity": -11.03432184328784, "capture_latency_ms": 0.17499923706054688, "sequence_number": 1}
{"exchange": "mock", "pair": "BTC-USDT", "timestamp_ms": 1754269200736, "side": "ask", "price": 50378.08179019551, "quantity": -8.151743762302827, "capture_latency_ms": 0.17499923706054688, "sequence_number": 1}
{"exchange": "mock", "pair": "BTC-USDT", "timestamp_ms": 1754269200736, "side": "ask", "price": 50383.086566848615, "quantity": -0.8906495713487972, "capture_latency_ms": 0.17499923706054688, "sequence_number": 1}
{"exchange": "mock", "pair": "BTC-USDT", "timestamp_ms": 1754269200736, "side": "ask", "price": 50388.09134350172, "quantity": -22.26820422584871, "capture_latency_ms": 0.17499923706054688, "sequence_number": 1}
{"exchange": "mock", "pair": "BTC-USDT", "timestamp_ms": 1754269200736, "side": "ask", "price": 50393.096120154834, "quantity": -2.3742997667176104, "capture_latency_ms": 0.17499923706054688, "sequence_number": 1}
{"exchange": "mock", "pair": "BTC-USDT", "timestamp_ms": 1754269200736, "side": "ask", "price": 50398.10089680794, "quantity": -21.14125319587925, "capture_latency_ms": 0.17499923706054688, "sequence_number": 1}
{"exchange": "mock", "pair": "BTC-USDT", "timestamp_ms": 1754269200736, "side": "ask", "price": 50403.105673461054, "quantity": -24.440889356937305, "capture_latency_ms": 0.17499923706054688, "sequence_number": 1}
{"exchange": "mock", "pair": "BTC-USDT", "timestamp_ms": 1754269200736, "side": "ask", "price": 50408.11045011416, "quantity": -3.5235283388470275, "capture_latency_ms": 0.17499923706054688, "sequence_number": 1}
{"exchange": "mock", "pair": "BTC-USDT", "timestamp_ms": 1754269200736, "side": "ask", "price": 50413.115226767266, "quantity": -23.639406245194138, "capture_latency_ms": 0.17499923706054688, "sequence_number": 1}
{"exchange": "mock", "pair": "BTC-USDT", "timestamp_ms": 1754269200736, "side": "ask", "price": 50418.12000342038, "quantity": -8.072190161894488, "capture_latency_ms": 0.17499923706054688, "sequence_number": 1}
{"exchange": "mock", "pair": "BTC-USDT", "timestamp_ms": 1754269200736, "side": "ask", "price": 50423.124780073485, "quantity": -17.752744747322208, "capture_latency_ms": 0.17499923706054688, "sequence_number": 1}
{"exchange": "mock", "pair": "BTC-USDT", "timestamp_ms": 1754269200736, "side": "ask", "price": 50428.1295567266, "quantity": -16.76664614333688, "capture_latency_ms": 0.17499923706054688, "sequence_number": 1}
{"exchange": "mock", "pair": "BTC-USDT", "timestamp_ms": 1754269200736, "side": "ask", "price": 50433.134333379705, "quantity": -25.47677758076453, "capture_latency_ms": 0.17499923706054688, "sequence_number": 1}
{"exchange": "mock", "pair": "BTC-USDT", "timestamp_ms": 1754269200736, "side": "ask", "price": 50438.13911003282, "quantity": -3.6927592197375803, "capture_latency_ms": 0.17499923706054688, "sequence_number": 1}
{"exchange": "mock", "pair": "BTC-USDT", "timestamp_ms": 1754269200736, "side": "ask", "price": 50443.143886685924, "quantity": -22.621598628138543, "capture_latency_ms": 0.17499923706054688, "sequence_number": 1}
{"exchange": "mock", "pair": "BTC-USDT", "timestamp_ms": 1754269200736, "side": "ask", "price": 50448.14866333903, "quantity": -17.451108797553424, "capture_latency_ms": 0.17499923706054688, "sequence_number": 1}
{"exchange": "mock", "pair": "BTC-USDT", "timestamp_ms": 1754269200736, "side": "ask", "price": 50453.153439992144, "quantity": -11.002272534328167, "capture_latency_ms": 0.17499923706054688, "sequence_number": 1}
{"exchange": "mock", "pair": "BTC-USDT", "timestamp_ms": 1754269200736, "side": "ask", "price": 50458.15821664525, "quantity": -30.88131704837407, "capture_latency_ms": 0.17499923706054688, "sequence_number": 1}
{"exchange": "mock", "pair": "BTC-USDT", "timestamp_ms": 1754269200736, "side": "ask", "price": 50463.16299329836, "quantity": -27.984321969568292, "capture_latency_ms": 0.17499923706054688, "sequence_number": 1}
{"exchange": "mock", "pair": "BTC-USDT", "timestamp_ms": 1754269200736, "side": "ask", "price": 50468.16776995147, "quantity": -10.681499499847867, "capture_latency_ms": 0.17499923706054688, "sequence_number": 1}
{"exchange": "mock", "pair": "BTC-USDT", "timestamp_ms": 1754269200736, "side": "ask", "price": 50473.172546604575, "quantity": -29.986600051209745, "capture_latency_ms": 0.17499923706054688, "sequence_number": 1}
{"exchange": "mock", "pair": "BTC-USDT", "timestamp_ms": 1754269200736, "side": "ask", "price": 50478.17732325769, "quantity": -14.349356913597942, "capture_latency_ms": 0.17499923706054688, "sequence_number": 1}
{"exchange": "mock", "pair": "BTC-USDT", "timestamp_ms": 1754269200736, "side": "ask", "price": 50483.182099910795, "quantity": -17.99510314747297, "capture_latency_ms": 0.17499923706054688, "sequence_number": 1}
{"exchange": "mock", "pair": "BTC-USDT", "timestamp_ms": 1754269200736, "side": "ask", "price": 50488.18687656391, "quantity": -32.68428714215936, "capture_latency_ms": 0.17499923706054688, "sequence_number": 1}
{"exchange": "mock", "pair": "BTC-USDT", "timestamp_ms": 1754269200736, "side": "ask", "price": 50493.191653217014, "quantity": -24.7120223377768, "capture_latency_ms": 0.17499923706054688, "sequence_number": 1}
{"exchange": "mock", "pair": "BTC-USDT", "timestamp_ms": 1754269200736, "side": "ask", "price": 50498.19642987012, "quantity": -11.090292421549956, "capture_latency_ms": 0.17499923706054688, "sequence_number": 1}
{"exchange": "mock", "pair": "BTC-USDT", "timestamp_ms": 1754269200736, "side": "ask", "price": 50503.201206523234, "quantity": -11.55072089788647, "capture_latency_ms": 0.17499923706054688, "sequence_number": 1}
{"exchange": "mock", "pair": "BTC-USDT", "timestamp_ms": 1754269200736, "side": "ask", "price": 50508.20598317634, "quantity": -8.71467600867397, "capture_latency_ms": 0.17499923706054688, "sequence_number": 1}
{"exchange": "mock", "pair": "BTC-USDT", "timestamp_ms": 1754269200736, "side": "ask", "price": 50513.21075982945, "quantity": -12.160122847163176, "capture_latency_ms": 0.17499923706054688, "sequence_number": 1}
{"exchange": "mock", "pair": "BTC-USDT", "timestamp_ms": 1754269200736, "side": "ask", "price": 50518.21553648256, "quantity": -14.68692852326066, "capture_latency_ms": 0.17499923706054688, "sequence_number": 1}
{"exchange": "mock", "pair": "BTC-USDT", "timestamp_ms": 1754269200736, "side": "ask", "price": 50523.220313135665, "quantity": -14.50878653779537, "capture_latency_ms": 0.17499923706054688, "sequence_number": 1}
{"exchange": "mock", "pair": "BTC-USDT", "timestamp_ms": 1754269200736, "side": "ask", "price": 50528.22508978878, "quantity": -14.38465120386391, "capture_latency_ms": 0.17499923706054688, "sequence_number": 1}
{"exchange": "mock", "pair": "BTC-USDT", "timestamp_ms": 1754269200736, "side": "ask", "price": 50533.229866441885, "quantity": -9.41996273931481, "capture_latency_ms": 0.17499923706054688, "sequence_number": 1}
{"exchange": "mock", "pair": "BTC-USDT", "timestamp_ms": 1754269200736, "side": "ask", "price": 50538.234643095, "quantity": -8.980193140060416, "capture_latency_ms": 0.17499923706054688, "sequence_number": 1}
{"exchange": "mock", "pair": "BTC-USDT", "timestamp_ms": 1754269200736, "side": "ask", "price": 50543.239419748104, "quantity": -3.4612186898483746, "capture_latency_ms": 0.17499923706054688, "sequence_number": 1}
{"exchange": "mock", "pair": "ETH-USDT", "timestamp_ms": 1754269200736, "side": "bid", "price": 3000.055160116762, "quantity": 8.365558886019153, "capture_latency_ms": 0.26702880859375, "sequence_number": 1}
{"exchange": "mock", "pair": "ETH-USDT", "timestamp_ms": 1754269200736, "side": "bid", "price": 2999.7551546007503, "quantity": 1.9542905726373014, "capture_latency_ms": 0.26702880859375, "sequence_number": 1}
{"exchange": "mock", "pair": "ETH-USDT", "timestamp_ms": 1754269200736, "side": "bid", "price": 2999.455149084739, "quantity": 8.385504832134552, "capture_latency_ms": 0.26702880859375, "sequence_number": 1}
{"exchange": "mock", "pair": "ETH-USDT", "timestamp_ms": 1754269200736, "side": "bid", "price": 2999.155143568727, "quantity": 6.476739625970518, "capture_latency_ms": 0.26702880859375, "sequence_number": 1}
{"exchange": "mock", "pair": "ETH-USDT", "timestamp_ms": 1754269200736, "side": "bid", "price": 2998.8551380527156, "quantity": 1.2523886336830148, "capture_latency_ms": 0.26702880859375, "sequence_number": 1}
{"exchange": "mock", "pair": "ETH-USDT", "timestamp_ms": 1754269200736, "side": "bid", "price": 2998.5551325367037, "quantity": 11.205033476109284, "capture_latency_ms": 0.26702880859375, "sequence_number": 1}
{"exchange": "mock", "pair": "ETH-USDT", "timestamp_ms": 1754269200736, "side": "bid", "price": 2998.2551270206923, "quantity": 11.508546792359816, "capture_latency_ms": 0.26702880859375, "sequence_number": 1}
{"exchange": "mock", "pair": "ETH-USDT", "timestamp_ms": 1754269200736, "side": "bid", "price": 2997.9551215046804, "quantity": 0.8227366942527912, "capture_latency_ms": 0.26702880859375, "sequence_number": 1}
{"exchange": "mock", "pair": "ETH-USDT", "timestamp_ms": 1754269200736, "side": "bid", "price": 2997.655115988669, "quantity": 3.1327171299113044, "capture_latency_ms": 0.26702880859375, "sequence_number": 1}
{"exchange": "mock", "pair": "ETH-USDT", "timestamp_ms": 1754269200736, "side": "bid", "price": 2997.355110472657, "quantity": 18.663776055297255, "capture_latency_ms": 0.26702880859375, "sequence_number": 1}
{"exchange": "mock", "pair": "ETH-USDT", "timestamp_ms": 1754269200736, "side": "bid", "price": 2997.055104956645, "quantity": 13.039960086557619, "capture_latency_ms": 0.26702880859375, "sequence_number": 1}
{"exchange": "mock", "pair": "ETH-USDT", "timestamp_ms": 1754269200736, "side": "bid", "price": 2996.755099440634, "quantity": 12.461255023099145, "capture_latency_ms": 0.26702880859375, "sequence_number": 1}
{"exchange": "mock", "pair": "ETH-USDT", "timestamp_ms": 1754269200736, "side": "bid", "price": 2996.455093924622, "quantity": 8.965943570518263, "capture_latency_ms": 0.26702880859375, "sequence_number": 1}
{"exchange": "mock", "pair": "ETH-USDT", "timestamp_ms": 1754269200736, "side": "bid", "price": 2996.1550884086105, "quantity": 2.725968298721419, "capture_latency_ms": 0.26702880859375, "sequence_number": 1}
{"exchange": "mock", "pair": "ETH-USDT", "timestamp_ms": 1754269200736, "side": "bid", "price": 2995.8550828925986, "quantity": 9.460791275483242, "capture_latency_ms": 0.26702880859375, "sequence_number": 1}
{"exchange": "mock", "pair": "ETH-USDT", "timestamp_ms": 1754269200736, "side": "bid", "price": 2995.555077376587, "quantity": 21.014469652231938, "capture_latency_ms": 0.26702880859375, "sequence_number": 1}
{"exchange": "mock", "pair": "ETH-USDT", "timestamp_ms": 1754269200736, "side": "bid", "price": 2995.2550718605753, "quantity": 22.848380623866216, "capture_latency_ms": 0.26702880859375, "sequence_number": 1}
{"exchange": "mock", "pair": "ETH-USDT", "timestamp_ms": 1754269200736, "side": "bid", "price": 2994.955066344564, "quantity": 10.322278942310206, "capture_latency_ms": 0.26702880859375, "sequence_number": 1}
{"exchange": "mock", "pair": "ETH-USDT", "timestamp_ms": 1754269200736, "side": "bid", "price": 2994.655060828552, "quantity": 1.9129419771285756, "capture_latency_ms": 0.26702880859375, "sequence_number": 1}
{"exchange": "mock", "pair": "ETH-USDT", "timestamp_ms": 1754269200736, "side": "bid", "price": 2994.35505531254, "quantity": 19.600838496660913, "capture_latency_ms": 0.26702880859375, "sequence_number": 1}
{"exchange": "mock", "pair": "ETH-USDT", "timestamp_ms": 1754269200736, "side": "bid", "price": 2994.0550497965287, "quantity": 13.541998051086406, "capture_latency_ms": 0.26702880859375, "sequence_number": 1}
{"exchange": "mock", "pair": "ETH-USDT", "timestamp_ms": 1754269200736, "side": "bid", "price": 2993.755044280517, "quantity": 20.98343486617495, "capture_latency_ms": 0.26702880859375, "sequence_number": 1}
{"exchange": "mock", "pair": "ETH-USDT", "timestamp_ms": 1754269200736, "side": "bid", "price": 2993.4550387645054, "quantity": 14.620848984406203, "capture_latency_ms": 0.26702880859375, "sequence_number": 1}
{"exchange": "mock", "pair": "ETH-USDT", "timestamp_ms": 1754269200736, "side": "bid", "price": 2993.1550332484935, "quantity": 31.934596610326526, "capture_latency_ms": 0.26702880859375, "sequence_number": 1}
{"exchange": "mock", "pair": "ETH-USDT", "timestamp_ms": 1754269200736, "side": "bid", "price": 2992.855027732482, "quantity": 5.253269033543816, "capture_latency_ms": 0.26702880859375, "sequence_number": 1}
{"exchange": "mock", "pair": "ETH-USDT", "timestamp_ms": 1754269200736, "side": "bid", "price": 2992.55502221647, "quantity": 27.00456908701854, "capture_latency_ms": 0.26702880859375, "sequence_number": 1}
{"exchange": "mock", "pair": "ETH-USDT", "timestamp_ms": 1754269200736, "side": "bid", "price": 2992.255016700459, "quantity": 30.741777118879348, "capture_latency_ms": 0.26702880859375, "sequence_number": 1}
{"exchange": "mock", "pair": "ETH-USDT", "timestamp_ms": 1754269200736, "side": "bid", "price": 2991.955011184447, "quantity": 28.677385313110708, "capture_latency_ms": 0.26702880859375, "sequence_number": 1}
{"exchange": "mock", "pair": "ETH-USDT", "timestamp_ms": 1754269200736, "side": "bid", "price": 2991.655005668435, "quantity": 28.65713000524759, "capture_latency_ms": 0.26702880859375, "sequence_number": 1}
{"exchange": "mock", "pair": "ETH-USDT", "timestamp_ms": 1754269200736, "side": "bid", "price": 2991.3550001524236, "quantity": 38.51853154017347, "capture_latency_ms": 0.26702880859375, "sequence_number": 1}
{"exchange": "mock", "pair": "ETH-USDT", "timestamp_ms": 1754269200736, "side": "bid", "price": 2991.0549946364117, "quantity": 38.10803761409742, "capture_latency_ms": 0.26702880859375, "sequence_number": 1}
{"exchange": "mock", "pair": "ETH-USDT", "timestamp_ms": 1754269200736, "side": "bid", "price": 2990.7549891204003, "quantity": 29.433657511454623, "capture_latency_ms": 0.26702880859375, "sequence_number": 1}
{"exchange": "mock", "pair": "ETH-USDT", "timestamp_ms": 1754269200736, "side": "bid", "price": 2990.4549836043884, "quantity": 34.864165141726424, "capture_latency_ms": 0.26702880859375, "sequence_number": 1}
{"exchange": "mock", "pair": "ETH-USDT", "timestamp_ms": 1754269200736, "side": "bid", "price": 2990.154978088377, "quantity": 4.477806120745917, "capture_latency_ms": 0.26702880859375, "sequence_number": 1}
{"exchange": "mock", "pair": "ETH-USDT", "timestamp_ms": 1754269200736, "side": "bid", "price": 2989.854972572365, "quantity": 23.138824455948686, "capture_latency_ms": 0.26702880859375, "sequence_number": 1}
{"exchange": "mock", "pair": "ETH-USDT", "timestamp_ms": 1754269200736, "side": "bid", "price": 2989.5549670563537, "quantity": 31.254626238068667, "capture_latency_ms": 0.26702880859375, "sequence_number": 1}
{"exchange": "mock", "pair": "ETH-USDT", "timestamp_ms": 1754269200736, "side": "bid", "price": 2989.254961540342, "quantity": 26.78221814926319, "capture_latency_ms": 0.26702880859375, "sequence_number": 1}
{"exchange": "mock", "pair": "ETH-USDT", "timestamp_ms": 1754269200736, "side": "bid", "price": 2988.9549560243304, "quantity": 12.716133609131536, "capture_latency_ms": 0.26702880859375, "sequence_number": 1}
{"exchange": "mock", "pair": "ETH-USDT", "timestamp_ms": 1754269200736, "side": "bid", "price": 2988.6549505083185, "quantity": 24.747758281010352, "capture_latency_ms": 0.26702880859375, "sequence_number": 1}
{"exchange": "mock", "pair": "ETH-USDT", "timestamp_ms": 1754269200736, "side": "bid", "price": 2988.3549449923066, "quantity": 15.46441804671459, "capture_latency_ms": 0.26702880859375, "sequence_number": 1}
{"exchange": "mock", "pair": "ETH-USDT", "timestamp_ms": 1754269200736, "side": "bid", "price": 2988.054939476295, "quantity": 6.308956678399333, "capture_latency_ms": 0.26702880859375, "sequence_number": 1}
{"exchange": "mock", "pair": "ETH-USDT", "timestamp_ms": 1754269200736, "side": "bid", "price": 2987.7549339602833, "quantity": 37.18982941006923, "capture_latency_ms": 0.26702880859375, "sequence_number": 1}
{"exchange": "mock", "pair": "ETH-USDT", "timestamp_ms": 1754269200736, "side": "bid", "price": 2987.454928444272, "quantity": 42.94750384657179, "capture_latency_ms": 0.26702880859375, "sequence_number": 1}
{"exchange": "mock", "pair": "ETH-USDT", "timestamp_ms": 1754269200736, "side": "bid", "price": 2987.15492292826, "quantity": 0.825463443916529, "capture_latency_ms": 0.26702880859375, "sequence_number": 1}
{"exchange": "mock", "pair": "ETH-USDT", "timestamp_ms": 1754269200736, "side": "bid", "price": 2986.8549174122486, "quantity": 9.262897260995262, "capture_latency_ms": 0.26702880859375, "sequence_number": 1}
{"exchange": "mock", "pair": "ETH-USDT", "timestamp_ms": 1754269200736, "side": "bid", "price": 2986.5549118962367, "quantity": 37.28803930180627, "capture_latency_ms": 0.26702880859375, "sequence_number": 1}
{"exchange": "mock", "pair": "ETH-USDT", "timestamp_ms": 1754269200736, "side": "bid", "price": 2986.2549063802253, "quantity": 48.491273675469735, "capture_latency_ms": 0.26702880859375, "sequence_number": 1}
{"exchange": "mock", "pair": "ETH-USDT", "timestamp_ms": 1754269200736, "side": "bid", "price": 2985.9549008642134, "quantity": 8.439540404378876, "capture_latency_ms": 0.26702880859375, "sequence_number": 1}
{"exchange": "mock", "pair": "ETH-USDT", "timestamp_ms": 1754269200736, "side": "bid", "price": 2985.6548953482015, "quantity": 3.021516404247756, "capture_latency_ms": 0.26702880859375, "sequence_number": 1}
{"exchange": "mock", "pair": "ETH-USDT", "timestamp_ms": 1754269200736, "side": "bid", "price": 2985.35488983219, "quantity": 50.48395545802671, "capture_latency_ms": 0.26702880859375, "sequence_number": 1}
{"exchange": "mock", "pair": "ETH-USDT", "timestamp_ms": 1754269200736, "side": "bid", "price": 2985.0548843161782, "quantity": 54.379518196560994, "capture_latency_ms": 0.26702880859375, "sequence_number": 1}
{"exchange": "mock", "pair": "ETH-USDT", "timestamp_ms": 1754269200736, "side": "bid", "price": 2984.754878800167, "quantity": 19.20148717606597, "capture_latency_ms": 0.26702880859375, "sequence_number": 1}
{"exchange": "mock", "pair": "ETH-USDT", "timestamp_ms": 1754269200736, "side": "bid", "price": 2984.454873284155, "quantity": 34.515822646945786, "capture_latency_ms": 0.26702880859375, "sequence_number": 1}
{"exchange": "mock", "pair": "ETH-USDT", "timestamp_ms": 1754269200736, "side": "bid", "price": 2984.1548677681435, "quantity": 62.60153149042116, "capture_latency_ms": 0.26702880859375, "sequence_number": 1}
{"exchange": "mock", "pair": "ETH-USDT", "timestamp_ms": 1754269200736, "side": "bid", "price": 2983.8548622521316, "quantity": 52.03094054061123, "capture_latency_ms": 0.26702880859375, "sequence_number": 1}
{"exchange": "mock", "pair": "ETH-USDT", "timestamp_ms": 1754269200736, "side": "bid", "price": 2983.55485673612, "quantity": 27.460696055313456, "capture_latency_ms": 0.26702880859375, "sequence_number": 1}
{"exchange": "mock", "pair": "ETH-USDT", "timestamp_ms": 1754269200736, "side": "bid", "price": 2983.2548512201083, "quantity": 33.49876148203526, "capture_latency_ms": 0.26702880859375, "sequence_number": 1}
{"exchange": "mock", "pair": "ETH-USDT", "timestamp_ms": 1754269200736, "side": "bid", "price": 2982.9548457040964, "quantity": 42.77371404464993, "capture_latency_ms": 0.26702880859375, "sequence_number": 1}
{"exchange": "mock", "pair": "ETH-USDT", "timestamp_ms": 1754269200736, "side": "bid", "price": 2982.654840188085, "quantity": 65.78187627963413, "capture_latency_ms": 0.26702880859375, "sequence_number": 1}
{"exchange": "mock", "pair": "ETH-USDT", "timestamp_ms": 1754269200736, "side": "bid", "price": 2982.354834672073, "quantity": 38.98406549859739, "capture_latency_ms": 0.26702880859375, "sequence_number": 1}
{"exchange": "mock", "pair": "ETH-USDT", "timestamp_ms": 1754269200736, "side": "bid", "price": 2982.0548291560617, "quantity": 8.719240460841606, "capture_latency_ms": 0.26702880859375, "sequence_number": 1}
{"exchange": "mock", "pair": "ETH-USDT", "timestamp_ms": 1754269200736, "side": "bid", "price": 2981.75482364005, "quantity": 22.03408023890824, "capture_latency_ms": 0.26702880859375, "sequence_number": 1}
{"exchange": "mock", "pair": "ETH-USDT", "timestamp_ms": 1754269200736, "side": "bid", "price": 2981.4548181240384, "quantity": 18.502502185515326, "capture_latency_ms": 0.26702880859375, "sequence_number": 1}
{"exchange": "mock", "pair": "ETH-USDT", "timestamp_ms": 1754269200736, "side": "bid", "price": 2981.1548126080265, "quantity": 59.93408870066133, "capture_latency_ms": 0.26702880859375, "sequence_number": 1}
{"exchange": "mock", "pair": "ETH-USDT", "timestamp_ms": 1754269200736, "side": "bid", "price": 2980.854807092015, "quantity": 21.82026556723658, "capture_latency_ms": 0.26702880859375, "sequence_number": 1}
{"exchange": "mock", "pair": "ETH-USDT", "timestamp_ms": 1754269200736, "side": "bid", "price": 2980.5548015760032, "quantity": 37.02819852643949, "capture_latency_ms": 0.26702880859375, "sequence_number": 1}
{"exchange": "mock", "pair": "ETH-USDT", "timestamp_ms": 1754269200736, "side": "bid", "price": 2980.2547960599913, "quantity": 59.35691236513231, "capture_latency_ms": 0.26702880859375, "sequence_number": 1}
{"exchange": "mock", "pair": "ETH-USDT", "timestamp_ms": 1754269200736, "side": "bid", "price": 2979.95479054398, "quantity": 42.316856265042425, "capture_latency_ms": 0.26702880859375, "sequence_number": 1}
{"exchange": "mock", "pair": "ETH-USDT", "timestamp_ms": 1754269200736, "side": "bid", "price": 2979.654785027968, "quantity": 55.46283395535259, "capture_latency_ms": 0.26702880859375, "sequence_number": 1}
{"exchange": "mock", "pair": "ETH-USDT", "timestamp_ms": 1754269200736, "side": "bid", "price": 2979.3547795119566, "quantity": 33.640983050364376, "capture_latency_ms": 0.26702880859375, "sequence_number": 1}
{"exchange": "mock", "pair": "ETH-USDT", "timestamp_ms": 1754269200736, "side": "bid", "price": 2979.0547739959447, "quantity": 63.90379654727542, "capture_latency_ms": 0.26702880859375, "sequence_number": 1}
{"exchange": "mock", "pair": "ETH-USDT", "timestamp_ms": 1754269200736, "side": "bid", "price": 2978.7547684799333, "quantity": 43.40193982220859, "capture_latency_ms": 0.26702880859375, "sequence_number": 1}
{"exchange": "mock", "pair": "ETH-USDT", "timestamp_ms": 1754269200736, "side": "bid", "price": 2978.4547629639214, "quantity": 38.56739766557077, "capture_latency_ms": 0.26702880859375, "sequence_number": 1}
{"exchange": "mock", "pair": "ETH-USDT", "timestamp_ms": 1754269200736, "side": "bid", "price": 2978.15475744791, "quantity": 61.82203988115841, "capture_latency_ms": 0.26702880859375, "sequence_number": 1}
{"exchange": "mock", "pair": "ETH-USDT", "timestamp_ms": 1754269200736, "side": "bid", "price": 2977.854751931898, "quantity": 9.05608167885686, "capture_latency_ms": 0.26702880859375, "sequence_number": 1}
{"exchange": "mock", "pair": "ETH-USDT", "timestamp_ms": 1754269200736, "side": "bid", "price": 2977.5547464158863, "quantity": 37.437229582456816, "capture_latency_ms": 0.26702880859375, "sequence_number": 1}
{"exchange": "mock", "pair": "ETH-USDT", "timestamp_ms": 1754269200736, "side": "bid", "price": 2977.254740899875, "quantity": 78.38355116317558, "capture_latency_ms": 0.26702880859375, "sequence_number": 1}
{"exchange": "mock", "pair": "ETH-USDT", "timestamp_ms": 1754269200736, "side": "bid", "price": 2976.954735383863, "quantity": 32.83977190370281, "capture_latency_ms": 0.26702880859375, "sequence_number": 1}
{"exchange": "mock", "pair": "ETH-USDT", "timestamp_ms": 1754269200736, "side": "bid", "price": 2976.6547298678515, "quantity": 22.855846321371686, "capture_latency_ms": 0.26702880859375, "sequence_number": 1}
{"exchange": "mock", "pair": "ETH-USDT", "timestamp_ms": 1754269200736, "side": "bid", "price": 2976.3547243518396, "quantity": 15.693237601730788, "capture_latency_ms": 0.26702880859375, "sequence_number": 1}
{"exchange": "mock", "pair": "ETH-USDT", "timestamp_ms": 1754269200736, "side": "bid", "price": 2976.054718835828, "quantity": 7.760733514335764, "capture_latency_ms": 0.26702880859375, "sequence_number": 1}
{"exchange": "mock", "pair": "ETH-USDT", "timestamp_ms": 1754269200736, "side": "bid", "price": 2975.7547133198163, "quantity": 19.871473925694836, "capture_latency_ms": 0.26702880859375, "sequence_number": 1}
{"exchange": "mock", "pair": "ETH-USDT", "timestamp_ms": 1754269200736, "side": "bid", "price": 2975.454707803805, "quantity": 33.23953448718078, "capture_latency_ms": 0.26702880859375, "sequence_number": 1}
{"exchange": "mock", "pair": "ETH-USDT", "timestamp_ms": 1754269200736, "side": "bid", "price": 2975.154702287793, "quantity": 19.863123326513843, "capture_latency_ms": 0.26702880859375, "sequence_number": 1}
{"exchange": "mock", "pair": "ETH-USDT", "timestamp_ms": 1754269200736, "side": "bid", "price": 2974.854696771781, "quantity": 75.07758814111311, "capture_latency_ms": 0.26702880859375, "sequence_number": 1}
{"exchange": "mock", "pair": "ETH-USDT", "timestamp_ms": 1754269200736, "side": "bid", "price": 2974.5546912557697, "quantity": 66.1004937717175, "capture_latency_ms": 0.26702880859375, "sequence_number": 1}
{"exchange": "mock", "pair": "ETH-USDT", "timestamp_ms": 1754269200736, "side": "bid", "price": 2974.254685739758, "quantity": 12.013080277953899, "capture_latency_ms": 0.26702880859375, "sequence_number": 1}
{"exchange": "mock", "pair": "ETH-USDT", "timestamp_ms": 1754269200736, "side": "bid", "price": 2973.9546802237464, "quantity": 51.8921222621657, "capture_latency_ms": 0.26702880859375, "sequence_number": 1}
{"exchange": "mock", "pair": "ETH-USDT", "timestamp_ms": 1754269200736, "side": "bid", "price": 2973.6546747077346, "quantity": 19.614929326001665, "capture_latency_ms": 0.26702880859375, "sequence_number": 1}
{"exchange": "mock", "pair": "ETH-USDT", "timestamp_ms": 1754269200736, "side": "bid", "price": 2973.354669191723, "quantity": 78.41271959653521, "capture_latency_ms": 0.26702880859375, "sequence_number": 1}
{"exchange": "mock", "pair": "ETH-USDT", "timestamp_ms": 1754269200736, "side": "bid", "price": 2973.0546636757113, "quantity": 4.188292429424596, "capture_latency_ms": 0.26702880859375, "sequence_number": 1}
{"exchange": "mock", "pair": "ETH-USDT", "timestamp_ms": 1754269200736, "side": "bid", "price": 2972.7546581597, "quantity": 47.57033560152593, "capture_latency_ms": 0.26702880859375, "sequence_number": 1}
{"exchange": "mock", "pair": "ETH-USDT", "timestamp_ms": 1754269200736, "side": "bid", "price": 2972.454652643688, "quantity": 94.15600590987172, "capture_latency_ms": 0.26702880859375, "sequence_number": 1}
{"exchange": "mock", "pair": "ETH-USDT", "timestamp_ms": 1754269200736, "side": "bid", "price": 2972.154647127676, "quantity": 97.59999571868283, "capture_latency_ms": 0.26702880859375, "sequence_number": 1}
{"exchange": "mock", "pair": "ETH-USDT", "timestamp_ms": 1754269200736, "side": "bid", "price": 2971.8546416116646, "quantity": 75.37069875335207, "capture_latency_ms": 0.26702880859375, "sequence_number": 1}
{"exchange": "mock", "pair": "ETH-USDT", "timestamp_ms": 1754269200736, "side": "bid", "price": 2971.5546360956528, "quantity": 63.2919658427471, "capture_latency_ms": 0.26702880859375, "sequence_number": 1}
{"exchange": "mock", "pair": "ETH-USDT", "timestamp_ms": 1754269200736, "side": "bid", "price": 2971.2546305796413, "quantity": 62.7477973148111, "capture_latency_ms": 0.26702880859375, "sequence_number": 1}
{"exchange": "mock", "pair": "ETH-USDT", "timestamp_ms": 1754269200736, "side": "bid", "price": 2970.9546250636295, "quantity": 89.50803204451353, "capture_latency_ms": 0.26702880859375, "sequence_number": 1}
{"exchange": "mock", "pair": "ETH-USDT", "timestamp_ms": 1754269200736, "side": "bid", "price": 2970.654619547618, "quantity": 7.08020351820477, "capture_latency_ms": 0.26702880859375, "sequence_number": 1}
{"exchange": "mock", "pair": "ETH-USDT", "timestamp_ms": 1754269200736, "side": "bid", "price": 2970.354614031606, "quantity": 41.4009043886374, "capture_latency_ms": 0.26702880859375, "sequence_number": 1}
{"exchange": "mock", "pair": "ETH-USDT", "timestamp_ms": 1754269200736, "side": "ask", "price": 3000.055160116762, "quantity": 4.125744824887604, "capture_latency_ms": 0.26702880859375, "sequence_number": 1}
{"exchange": "mock", "pair": "ETH-USDT", "timestamp_ms": 1754269200736, "side": "ask", "price": 3000.355165632774, "quantity": 0.8825533212554482, "capture_latency_ms": 0.26702880859375, "sequence_number": 1}
{"exchange": "mock", "pair": "ETH-USDT", "timestamp_ms": 1754269200736, "side": "ask", "price": 3000.6551711487855, "quantity": 4.901936056054926, "capture_latency_ms": 0.26702880859375, "sequence_number": 1}
{"exchange": "mock", "pair": "ETH-USDT", "timestamp_ms": 1754269200736, "side": "ask", "price": 3000.9551766647974, "quantity": 0.5294820922318277, "capture_latency_ms": 0.26702880859375, "sequence_number": 1}
{"exchange": "mock", "pair": "ETH-USDT", "timestamp_ms": 1754269200736, "side": "ask", "price": 3001.255182180809, "quantity": 0.8396791360589019, "capture_latency_ms": 0.26702880859375, "sequence_number": 1}
{"exchange": "mock", "pair": "ETH-USDT", "timestamp_ms": 1754269200736, "side": "ask", "price": 3001.5551876968207, "quantity": 1.3142885935384683, "capture_latency_ms": 0.26702880859375, "sequence_number": 1}
{"exchange": "mock", "pair": "ETH-USDT", "timestamp_ms": 1754269200736, "side": "ask", "price": 3001.855193212832, "quantity": 0.16919180179708052, "capture_latency_ms": 0.26702880859375, "sequence_number": 1}
{"exchange": "mock", "pair": "ETH-USDT", "timestamp_ms": 1754269200736, "side": "ask", "price": 3002.155198728844, "quantity": 5.202939320918038, "capture_latency_ms": 0.26702880859375, "sequence_number": 1}
{"exchange": "mock", "pair": "ETH-USDT", "timestamp_ms": 1754269200736, "side": "ask", "price": 3002.4552042448554, "quantity": 0.10848659862876081, "capture_latency_ms": 0.26702880859375, "sequence_number": 1}
{"exchange": "mock", "pair": "ETH-USDT", "timestamp_ms": 1754269200736, "side": "ask", "price": 3002.7552097608673, "quantity": 1.4581166776983745, "capture_latency_ms": 0.26702880859375, "sequence_number": 1}
{"exchange": "mock", "pair": "ETH-USDT", "timestamp_ms": 1754269200736, "side": "ask", "price": 3003.055215276879, "quantity": 1.468091928581103, "capture_latency_ms": 0.26702880859375, "sequence_number": 1}
{"exchange": "mock", "pair": "ETH-USDT", "timestamp_ms": 1754269200736, "side": "ask", "price": 3003.3552207928906, "quantity": 1.2407714541400547, "capture_latency_ms": 0.26702880859375, "sequence_number": 1}
{"exchange": "mock", "pair": "ETH-USDT", "timestamp_ms": 1754269200736, "side": "ask", "price": 3003.6552263089025, "quantity": 1.6973842443586622, "capture_latency_ms": 0.26702880859375, "sequence_number": 1}
{"exchange": "mock", "pair": "ETH-USDT", "timestamp_ms": 1754269200736, "side": "ask", "price": 3003.955231824914, "quantity": 0.8642789381890105, "capture_latency_ms": 0.26702880859375, "sequence_number": 1}
{"exchange": "mock", "pair": "ETH-USDT", "timestamp_ms": 1754269200736, "side": "ask", "price": 3004.2552373409258, "quantity": 2.8778255356213602, "capture_latency_ms": 0.26702880859375, "sequence_number": 1}
{"exchange": "mock", "pair": "ETH-USDT", "timestamp_ms": 1754269200736, "side": "ask", "price": 3004.555242856937, "quantity": 0.5829114596017048, "capture_latency_ms": 0.26702880859375, "sequence_number": 1}
{"exchange": "mock", "pair": "ETH-USDT", "timestamp_ms": 1754269200736, "side": "ask", "price": 3004.855248372949, "quantity": 0.5760636144541046, "capture_latency_ms": 0.26702880859375, "sequence_number": 1}
{"exchange": "mock", "pair": "ETH-USDT", "timestamp_ms": 1754269200736, "side": "ask", "price": 3005.1552538889605, "quantity": 1.4156781082317282, "capture_latency_ms": 0.26702880859375, "sequence_number": 1}
{"exchange": "mock", "pair": "ETH-USDT", "timestamp_ms": 1754269200736, "side": "ask", "price": 3005.4552594049724, "quantity": 0.23241613751396323, "capture_latency_ms": 0.26702880859375, "sequence_number": 1}
{"exchange": "mock", "pair": "ETH-USDT", "timestamp_ms": 1754269200736, "side": "ask", "price": 3005.7552649209842, "quantity": 0.37789012088588875, "capture_latency_ms": 0.26702880859375, "sequence_number": 1}
{"exchange": "mock", "pair": "ETH-USDT", "timestamp_ms": 1754269200736, "side": "ask", "price": 3006.0552704369957, "quantity": 0.0, "capture_latency_ms": 0.26702880859375, "sequence_number": 1}
{"exchange": "mock", "pair": "ETH-USDT", "timestamp_ms": 1754269200736, "side": "ask", "price": 3006.3552759530075, "quantity": -0.2561768885171481, "capture_latency_ms": 0.26702880859375, "sequence_number": 1}
{"exchange": "mock", "pair": "ETH-USDT", "timestamp_ms": 1754269200736, "side": "ask", "price": 3006.655281469019, "quantity": -0.8497960575552747, "capture_latency_ms": 0.26702880859375, "sequence_number": 1}
{"exchange": "mock", "pair": "ETH-USDT", "timestamp_ms": 1754269200736, "side": "ask", "price": 3006.955286985031, "quantity": -0.09455445275681319, "capture_latency_ms": 0.26702880859375, "sequence_number": 1}
{"exchange": "mock", "pair": "ETH-USDT", "timestamp_ms": 1754269200736, "side": "ask", "price": 3007.2552925010423, "quantity": -1.9447824456183547, "capture_latency_ms": 0.26702880859375, "sequence_number": 1}
{"exchange": "mock", "pair": "ETH-USDT", "timestamp_ms": 1754269200736, "side": "ask", "price": 3007.555298017054, "quantity": -0.8397591849907549, "capture_latency_ms": 0.26702880859375, "sequence_number": 1}
{"exchange": "mock", "pair": "ETH-USDT", "timestamp_ms": 1754269200736, "side": "ask", "price": 3007.8553035330656, "quantity": -1.7959387482298703, "capture_latency_ms": 0.26702880859375, "sequence_number": 1}
{"exchange": "mock", "pair": "ETH-USDT", "timestamp_ms": 1754269200736, "side": "ask", "price": 3008.1553090490775, "quantity": -0.8910874823513532, "capture_latency_ms": 0.26702880859375, "sequence_number": 1}
{"exchange": "mock", "pair": "ETH-USDT", "timestamp_ms": 1754269200736, "side": "ask", "price": 3008.4553145650893, "quantity": -0.9187167710822232, "capture_latency_ms": 0.26702880859375, "sequence_number": 1}
{"exchange": "mock", "pair": "ETH-USDT", "timestamp_ms": 1754269200736, "side": "ask", "price": 3008.7553200811008, "quantity": -2.5171188652781753, "capture_latency_ms": 0.26702880859375, "sequence_number": 1}
{"exchange": "mock", "pair": "ETH-USDT", "timestamp_ms": 1754269200736, "side": "ask", "price": 3009.0553255971126, "quantity": -0.5072805521367145, "capture_latency_ms": 0.26702880859375, "sequence_number": 1}
{"exchange": "mock", "pair": "ETH-USDT", "timestamp_ms": 1754269200736, "side": "ask", "price": 3009.355331113124, "quantity": -0.11610079549474134, "capture_latency_ms": 0.26702880859375, "sequence_number": 1}
{"exchange": "mock", "pair": "ETH-USDT", "timestamp_ms": 1754269200736, "side": "ask", "price": 3009.655336629136, "quantity": -0.22679974324732985, "capture_latency_ms": 0.26702880859375, "sequence_number": 1}
{"exchange": "mock", "pair": "ETH-USDT", "timestamp_ms": 1754269200736, "side": "ask", "price": 3009.9553421451474, "quantity": -2.5445426588216304, "capture_latency_ms": 0.26702880859375, "sequence_number": 1}
{"exchange": "mock", "pair": "ETH-USDT", "timestamp_ms": 1754269200736, "side": "ask", "price": 3010.2553476611592, "quantity": -3.595914675976788, "capture_latency_ms": 0.26702880859375, "sequence_number": 1}
{"exchange": "mock", "pair": "ETH-USDT", "timestamp_ms": 1754269200736, "side": "ask", "price": 3010.5553531771707, "quantity": -2.7076251297386906, "capture_latency_ms": 0.26702880859375, "sequence_number": 1}
{"exchange": "mock", "pair": "ETH-USDT", "timestamp_ms": 1754269200736, "side": "ask", "price": 3010.8553586931826, "quantity": -4.527418436202637, "capture_latency_ms": 0.26702880859375, "sequence_number": 1}
{"exchange": "mock", "pair": "ETH-USDT", "timestamp_ms": 1754269200736, "side": "ask", "price": 3011.155364209194, "quantity": -8.410281820590113, "capture_latency_ms": 0.26702880859375, "sequence_number": 1}
{"exchange": "mock", "pair": "ETH-USDT", "timestamp_ms": 1754269200736, "side": "ask", "price": 3011.455369725206, "quantity": -2.121787409674546, "capture_latency_ms": 0.26702880859375, "sequence_number": 1}
{"exchange": "mock", "pair": "ETH-USDT", "timestamp_ms": 1754269200736, "side": "ask", "price": 3011.7553752412177, "quantity": -9.415579514319026, "capture_latency_ms": 0.26702880859375, "sequence_number": 1}
{"exchange": "mock", "pair": "ETH-USDT", "timestamp_ms": 1754269200736, "side": "ask", "price": 3012.055380757229, "quantity": -0.8712745692186784, "capture_latency_ms": 0.26702880859375, "sequence_number": 1}
{"exchange": "mock", "pair": "ETH-USDT", "timestamp_ms": 1754269200736, "side": "ask", "price": 3012.355386273241, "quantity": -1.7803977636779802, "capture_latency_ms": 0.26702880859375, "sequence_number": 1}
{"exchange": "mock", "pair": "ETH-USDT", "timestamp_ms": 1754269200736, "side": "ask", "price": 3012.6553917892525, "quantity": -7.007021995961827, "capture_latency_ms": 0.26702880859375, "sequence_number": 1}
{"exchange": "mock", "pair": "ETH-USDT", "timestamp_ms": 1754269200736, "side": "ask", "price": 3012.9553973052643, "quantity": -3.3095330885307863, "capture_latency_ms": 0.26702880859375, "sequence_number": 1}
{"exchange": "mock", "pair": "ETH-USDT", "timestamp_ms": 1754269200736, "side": "ask", "price": 3013.2554028212758, "quantity": -0.23570868182046786, "capture_latency_ms": 0.26702880859375, "sequence_number": 1}
{"exchange": "mock", "pair": "ETH-USDT", "timestamp_ms": 1754269200736, "side": "ask", "price": 3013.5554083372876, "quantity": -6.272562884010904, "capture_latency_ms": 0.26702880859375, "sequence_number": 1}
{"exchange": "mock", "pair": "ETH-USDT", "timestamp_ms": 1754269200736, "side": "ask", "price": 3013.855413853299, "quantity": -12.442153701201178, "capture_latency_ms": 0.26702880859375, "sequence_number": 1}
{"exchange": "mock", "pair": "ETH-USDT", "timestamp_ms": 1754269200736, "side": "ask", "price": 3014.155419369311, "quantity": -9.182273518214728, "capture_latency_ms": 0.26702880859375, "sequence_number": 1}
{"exchange": "mock", "pair": "ETH-USDT", "timestamp_ms": 1754269200736, "side": "ask", "price": 3014.455424885323, "quantity": -12.675142557519075, "capture_latency_ms": 0.26702880859375, "sequence_number": 1}
{"exchange": "mock", "pair": "ETH-USDT", "timestamp_ms": 1754269200736, "side": "ask", "price": 3014.7554304013343, "quantity": -13.25080021560052, "capture_latency_ms": 0.26702880859375, "sequence_number": 1}
{"exchange": "mock", "pair": "ETH-USDT", "timestamp_ms": 1754269200736, "side": "ask", "price": 3015.055435917346, "quantity": -11.272070441607582, "capture_latency_ms": 0.26702880859375, "sequence_number": 1}
{"exchange": "mock", "pair": "ETH-USDT", "timestamp_ms": 1754269200736, "side": "ask", "price": 3015.3554414333576, "quantity": -10.411161643637842, "capture_latency_ms": 0.26702880859375, "sequence_number": 1}
{"exchange": "mock", "pair": "ETH-USDT", "timestamp_ms": 1754269200736, "side": "ask", "price": 3015.6554469493694, "quantity": -12.24084526946448, "capture_latency_ms": 0.26702880859375, "sequence_number": 1}
{"exchange": "mock", "pair": "ETH-USDT", "timestamp_ms": 1754269200736, "side": "ask", "price": 3015.955452465381, "quantity": -15.398678216350671, "capture_latency_ms": 0.26702880859375, "sequence_number": 1}
{"exchange": "mock", "pair": "ETH-USDT", "timestamp_ms": 1754269200736, "side": "ask", "price": 3016.2554579813927, "quantity": -11.790483602848301, "capture_latency_ms": 0.26702880859375, "sequence_number": 1}
{"exchange": "mock", "pair": "ETH-USDT", "timestamp_ms": 1754269200736, "side": "ask", "price": 3016.555463497404, "quantity": -15.067944729199015, "capture_latency_ms": 0.26702880859375, "sequence_number": 1}
{"exchange": "mock", "pair": "ETH-USDT", "timestamp_ms": 1754269200736, "side": "ask", "price": 3016.855469013416, "quantity": -1.8674375722121046, "capture_latency_ms": 0.26702880859375, "sequence_number": 1}
{"exchange": "mock", "pair": "ETH-USDT", "timestamp_ms": 1754269200736, "side": "ask", "price": 3017.155474529428, "quantity": -13.770363967257301, "capture_latency_ms": 0.26702880859375, "sequence_number": 1}
{"exchange": "mock", "pair": "ETH-USDT", "timestamp_ms": 1754269200736, "side": "ask", "price": 3017.4554800454393, "quantity": -15.507392823219575, "capture_latency_ms": 0.26702880859375, "sequence_number": 1}
{"exchange": "mock", "pair": "ETH-USDT", "timestamp_ms": 1754269200736, "side": "ask", "price": 3017.755485561451, "quantity": -15.85904941014918, "capture_latency_ms": 0.26702880859375, "sequence_number": 1}
{"exchange": "mock", "pair": "ETH-USDT", "timestamp_ms": 1754269200736, "side": "ask", "price": 3018.0554910774626, "quantity": -8.243958977211129, "capture_latency_ms": 0.26702880859375, "sequence_number": 1}
{"exchange": "mock", "pair": "ETH-USDT", "timestamp_ms": 1754269200736, "side": "ask", "price": 3018.3554965934745, "quantity": -13.370594070808789, "capture_latency_ms": 0.26702880859375, "sequence_number": 1}
{"exchange": "mock", "pair": "ETH-USDT", "timestamp_ms": 1754269200736, "side": "ask", "price": 3018.655502109486, "quantity": -6.151665966636613, "capture_latency_ms": 0.26702880859375, "sequence_number": 1}
{"exchange": "mock", "pair": "ETH-USDT", "timestamp_ms": 1754269200736, "side": "ask", "price": 3018.955507625498, "quantity": -8.580559856975851, "capture_latency_ms": 0.26702880859375, "sequence_number": 1}
{"exchange": "mock", "pair": "ETH-USDT", "timestamp_ms": 1754269200736, "side": "ask", "price": 3019.2555131415093, "quantity": -14.80187840777265, "capture_latency_ms": 0.26702880859375, "sequence_number": 1}
{"exchange": "mock", "pair": "ETH-USDT", "timestamp_ms": 1754269200736, "side": "ask", "price": 3019.555518657521, "quantity": -12.38420505366377, "capture_latency_ms": 0.26702880859375, "sequence_number": 1}
{"exchange": "mock", "pair": "ETH-USDT", "timestamp_ms": 1754269200736, "side": "ask", "price": 3019.855524173533, "quantity": -21.463556969695304, "capture_latency_ms": 0.26702880859375, "sequence_number": 1}
{"exchange": "mock", "pair": "ETH-USDT", "timestamp_ms": 1754269200736, "side": "ask", "price": 3020.1555296895444, "quantity": -15.728979418082378, "capture_latency_ms": 0.26702880859375, "sequence_number": 1}
{"exchange": "mock", "pair": "ETH-USDT", "timestamp_ms": 1754269200736, "side": "ask", "price": 3020.4555352055563, "quantity": -10.799556182040764, "capture_latency_ms": 0.26702880859375, "sequence_number": 1}
{"exchange": "mock", "pair": "ETH-USDT", "timestamp_ms": 1754269200736, "side": "ask", "price": 3020.7555407215677, "quantity": -14.935188054592295, "capture_latency_ms": 0.26702880859375, "sequence_number": 1}
{"exchange": "mock", "pair": "ETH-USDT", "timestamp_ms": 1754269200736, "side": "ask", "price": 3021.0555462375796, "quantity": -18.53681887371318, "capture_latency_ms": 0.26702880859375, "sequence_number": 1}
{"exchange": "mock", "pair": "ETH-USDT", "timestamp_ms": 1754269200736, "side": "ask", "price": 3021.355551753591, "quantity": -17.401522219470635, "capture_latency_ms": 0.26702880859375, "sequence_number": 1}
{"exchange": "mock", "pair": "ETH-USDT", "timestamp_ms": 1754269200736, "side": "ask", "price": 3021.655557269603, "quantity": -22.375398402838766, "capture_latency_ms": 0.26702880859375, "sequence_number": 1}
{"exchange": "mock", "pair": "ETH-USDT", "timestamp_ms": 1754269200736, "side": "ask", "price": 3021.9555627856143, "quantity": -8.445217106172981, "capture_latency_ms": 0.26702880859375, "sequence_number": 1}
{"exchange": "mock", "pair": "ETH-USDT", "timestamp_ms": 1754269200736, "side": "ask", "price": 3022.255568301626, "quantity": -2.4692315335744413, "capture_latency_ms": 0.26702880859375, "sequence_number": 1}
{"exchange": "mock", "pair": "ETH-USDT", "timestamp_ms": 1754269200736, "side": "ask", "price": 3022.555573817638, "quantity": -17.22885282637402, "capture_latency_ms": 0.26702880859375, "sequence_number": 1}
{"exchange": "mock", "pair": "ETH-USDT", "timestamp_ms": 1754269200736, "side": "ask", "price": 3022.8555793336495, "quantity": -26.491203440105608, "capture_latency_ms": 0.26702880859375, "sequence_number": 1}
{"exchange": "mock", "pair": "ETH-USDT", "timestamp_ms": 1754269200736, "side": "ask", "price": 3023.1555848496614, "quantity": -16.899405021296694, "capture_latency_ms": 0.26702880859375, "sequence_number": 1}
{"exchange": "mock", "pair": "ETH-USDT", "timestamp_ms": 1754269200736, "side": "ask", "price": 3023.455590365673, "quantity": -4.349288463247896, "capture_latency_ms": 0.26702880859375, "sequence_number": 1}
{"exchange": "mock", "pair": "ETH-USDT", "timestamp_ms": 1754269200736, "side": "ask", "price": 3023.7555958816847, "quantity": -19.82800378471375, "capture_latency_ms": 0.26702880859375, "sequence_number": 1}
{"exchange": "mock", "pair": "ETH-USDT", "timestamp_ms": 1754269200736, "side": "ask", "price": 3024.055601397696, "quantity": -2.8338593645719143, "capture_latency_ms": 0.26702880859375, "sequence_number": 1}
{"exchange": "mock", "pair": "ETH-USDT", "timestamp_ms": 1754269200736, "side": "ask", "price": 3024.355606913708, "quantity": -17.194817594557847, "capture_latency_ms": 0.26702880859375, "sequence_number": 1}
{"exchange": "mock", "pair": "ETH-USDT", "timestamp_ms": 1754269200736, "side": "ask", "price": 3024.6556124297194, "quantity": -9.34709944152293, "capture_latency_ms": 0.26702880859375, "sequence_number": 1}
{"exchange": "mock", "pair": "ETH-USDT", "timestamp_ms": 1754269200736, "side": "ask", "price": 3024.9556179457313, "quantity": -15.291453239109156, "capture_latency_ms": 0.26702880859375, "sequence_number": 1}
{"exchange": "mock", "pair": "ETH-USDT", "timestamp_ms": 1754269200736, "side": "ask", "price": 3025.255623461743, "quantity": -4.864166801873564, "capture_latency_ms": 0.26702880859375, "sequence_number": 1}
{"exchange": "mock", "pair": "ETH-USDT", "timestamp_ms": 1754269200736, "side": "ask", "price": 3025.5556289777546, "quantity": -22.06377906653433, "capture_latency_ms": 0.26702880859375, "sequence_number": 1}
{"exchange": "mock", "pair": "ETH-USDT", "timestamp_ms": 1754269200736, "side": "ask", "price": 3025.8556344937665, "quantity": -6.687418510474064, "capture_latency_ms": 0.26702880859375, "sequence_number": 1}
{"exchange": "mock", "pair": "ETH-USDT", "timestamp_ms": 1754269200736, "side": "ask", "price": 3026.155640009778, "quantity": -20.759958516874644, "capture_latency_ms": 0.26702880859375, "sequence_number": 1}
{"exchange": "mock", "pair": "ETH-USDT", "timestamp_ms": 1754269200736, "side": "ask", "price": 3026.45564552579, "quantity": -32.46373491757598, "capture_latency_ms": 0.26702880859375, "sequence_number": 1}
{"exchange": "mock", "pair": "ETH-USDT", "timestamp_ms": 1754269200736, "side": "ask", "price": 3026.7556510418012, "quantity": -15.276880069499628, "capture_latency_ms": 0.26702880859375, "sequence_number": 1}
{"exchange": "mock", "pair": "ETH-USDT", "timestamp_ms": 1754269200736, "side": "ask", "price": 3027.055656557813, "quantity": -2.250048272101821, "capture_latency_ms": 0.26702880859375, "sequence_number": 1}
{"exchange": "mock", "pair": "ETH-USDT", "timestamp_ms": 1754269200736, "side": "ask", "price": 3027.3556620738245, "quantity": -27.39196827266859, "capture_latency_ms": 0.26702880859375, "sequence_number": 1}
{"exchange": "mock", "pair": "ETH-USDT", "timestamp_ms": 1754269200736, "side": "ask", "price": 3027.6556675898364, "quantity": -1.3846919858650037, "capture_latency_ms": 0.26702880859375, "sequence_number": 1}
{"exchange": "mock", "pair": "ETH-USDT", "timestamp_ms": 1754269200736, "side": "ask", "price": 3027.9556731058483, "quantity": -31.8500115337175, "capture_latency_ms": 0.26702880859375, "sequence_number": 1}
{"exchange": "mock", "pair": "ETH-USDT", "timestamp_ms": 1754269200736, "side": "ask", "price": 3028.2556786218597, "quantity": -1.709653010336112, "capture_latency_ms": 0.26702880859375, "sequence_number": 1}
{"exchange": "mock", "pair": "ETH-USDT", "timestamp_ms": 1754269200736, "side": "ask", "price": 3028.5556841378716, "quantity": -27.742580345661658, "capture_latency_ms": 0.26702880859375, "sequence_number": 1}
{"exchange": "mock", "pair": "ETH-USDT", "timestamp_ms": 1754269200736, "side": "ask", "price": 3028.855689653883, "quantity": -34.779249802734974, "capture_latency_ms": 0.26702880859375, "sequence_number": 1}
{"exchange": "mock", "pair": "ETH-USDT", "timestamp_ms": 1754269200736, "side": "ask", "price": 3029.155695169895, "quantity": -37.250048476818165, "capture_latency_ms": 0.26702880859375, "sequence_number": 1}
{"exchange": "mock", "pair": "ETH-USDT", "timestamp_ms": 1754269200736, "side": "ask", "price": 3029.4557006859063, "quantity": -26.147279176023453, "capture_latency_ms": 0.26702880859375, "sequence_number": 1}
{"exchange": "mock", "pair": "ETH-USDT", "timestamp_ms": 1754269200736, "side": "ask", "price": 3029.755706201918, "quantity": -33.35632773797397, "capture_latency_ms": 0.26702880859375, "sequence_number": 1}
{"exchange": "mock", "pair": "BTC-USDT", "timestamp_ms": 1754269201737, "side": "bid", "price": 50073.59703890306, "quantity": 1.5166880359062707, "capture_latency_ms": 0.20623207092285156, "sequence_number": 2}
{"exchange": "mock", "pair": "BTC-USDT", "timestamp_ms": 1754269201737, "side": "bid", "price": 50068.58967919917, "quantity": 5.890514062617795, "capture_latency_ms": 0.20623207092285156, "sequence_number": 2}
{"exchange": "mock", "pair": "BTC-USDT", "timestamp_ms": 1754269201737, "side": "bid", "price": 50063.58231949528, "quantity": 7.442492447591664, "capture_latency_ms": 0.20623207092285156, "sequence_number": 2}
{"exchange": "mock", "pair": "BTC-USDT", "timestamp_ms": 1754269201737, "side": "bid", "price": 50058.57495979139, "quantity": 5.304103395359541, "capture_latency_ms": 0.20623207092285156, "sequence_number": 2}
{"exchange": "mock", "pair": "BTC-USDT", "timestamp_ms": 1754269201737, "side": "bid", "price": 50053.5676000875, "quantity": 6.540511556795322, "capture_latency_ms": 0.20623207092285156, "sequence_number": 2}
{"exchange": "mock", "pair": "BTC-USDT", "timestamp_ms": 1754269201737, "side": "bid", "price": 50048.56024038361, "quantity": 4.89144754420073, "capture_latency_ms": 0.20623207092285156, "sequence_number": 2}
{"exchange": "mock", "pair": "BTC-USDT", "timestamp_ms": 1754269201737, "side": "bid", "price": 50043.55288067972, "quantity": 3.36882246662473, "capture_latency_ms": 0.20623207092285156, "sequence_number": 2}
{"exchange": "mock", "pair": "BTC-USDT", "timestamp_ms": 1754269201737, "side": "bid", "price": 50038.54552097583, "quantity": 3.365432714413252, "capture_latency_ms": 0.20623207092285156, "sequence_number": 2}
{"exchange": "mock", "pair": "BTC-USDT", "timestamp_ms": 1754269201737, "side": "bid", "price": 50033.53816127194, "quantity": 17.847592395663362, "capture_latency_ms": 0.20623207092285156, "sequence_number": 2}
{"exchange": "mock", "pair": "BTC-USDT", "timestamp_ms": 1754269201737, "side": "bid", "price": 50028.53080156805, "quantity": 0.9230269262878804, "capture_latency_ms": 0.20623207092285156, "sequence_number": 2}
{"exchange": "mock", "pair": "BTC-USDT", "timestamp_ms": 1754269201737, "side": "bid", "price": 50023.52344186416, "quantity": 6.919786343434085, "capture_latency_ms": 0.20623207092285156, "sequence_number": 2}
{"exchange": "mock", "pair": "BTC-USDT", "timestamp_ms": 1754269201737, "side": "bid", "price": 50018.51608216027, "quantity": 8.397767165844906, "capture_latency_ms": 0.20623207092285156, "sequence_number": 2}
{"exchange": "mock", "pair": "BTC-USDT", "timestamp_ms": 1754269201737, "side": "bid", "price": 50013.508722456376, "quantity": 2.901794049793097, "capture_latency_ms": 0.20623207092285156, "sequence_number": 2}
{"exchange": "mock", "pair": "BTC-USDT", "timestamp_ms": 1754269201737, "side": "bid", "price": 50008.50136275249, "quantity": 1.9979231058785583, "capture_latency_ms": 0.20623207092285156, "sequence_number": 2}
{"exchange": "mock", "pair": "BTC-USDT", "timestamp_ms": 1754269201737, "side": "bid", "price": 50003.494003048596, "quantity": 15.489972984406302, "capture_latency_ms": 0.20623207092285156, "sequence_number": 2}
{"exchange": "mock", "pair": "BTC-USDT", "timestamp_ms": 1754269201737, "side": "bid", "price": 49998.48664334471, "quantity": 7.299662793714081, "capture_latency_ms": 0.20623207092285156, "sequence_number": 2}
{"exchange": "mock", "pair": "BTC-USDT", "timestamp_ms": 1754269201737, "side": "bid", "price": 49993.479283640816, "quantity": 8.287999146842271, "capture_latency_ms": 0.20623207092285156, "sequence_number": 2}
{"exchange": "mock", "pair": "BTC-USDT", "timestamp_ms": 1754269201737, "side": "bid", "price": 49988.47192393693, "quantity": 0.5493202184910652, "capture_latency_ms": 0.20623207092285156, "sequence_number": 2}
{"exchange": "mock", "pair": "BTC-USDT", "timestamp_ms": 1754269201737, "side": "bid", "price": 49983.464564233036, "quantity": 25.164711083422773, "capture_latency_ms": 0.20623207092285156, "sequence_number": 2}
{"exchange": "mock", "pair": "BTC-USDT", "timestamp_ms": 1754269201737, "side": "bid", "price": 49978.45720452915, "quantity": 20.491217012077858, "capture_latency_ms": 0.20623207092285156, "sequence_number": 2}
{"exchange": "mock", "pair": "BTC-USDT", "timestamp_ms": 1754269201737, "side": "bid", "price": 49973.449844825256, "quantity": 22.38590124933032, "capture_latency_ms": 0.20623207092285156, "sequence_number": 2}
{"exchange": "mock", "pair": "BTC-USDT", "timestamp_ms": 1754269201737, "side": "bid", "price": 49968.44248512137, "quantity": 19.261650666917408, "capture_latency_ms": 0.20623207092285156, "sequence_number": 2}
{"exchange": "mock", "pair": "BTC-USDT", "timestamp_ms": 1754269201737, "side": "bid", "price": 49963.435125417476, "quantity": 20.20962925767815, "capture_latency_ms": 0.20623207092285156, "sequence_number": 2}
{"exchange": "mock", "pair": "BTC-USDT", "timestamp_ms": 1754269201737, "side": "bid", "price": 49958.42776571358, "quantity": 16.816826100203148, "capture_latency_ms": 0.20623207092285156, "sequence_number": 2}
{"exchange": "mock", "pair": "BTC-USDT", "timestamp_ms": 1754269201737, "side": "bid", "price": 49953.420406009696, "quantity": 10.578445563707062, "capture_latency_ms": 0.20623207092285156, "sequence_number": 2}
{"exchange": "mock", "pair": "BTC-USDT", "timestamp_ms": 1754269201737, "side": "bid", "price": 49948.4130463058, "quantity": 7.410189309083363, "capture_latency_ms": 0.20623207092285156, "sequence_number": 2}
{"exchange": "mock", "pair": "BTC-USDT", "timestamp_ms": 1754269201737, "side": "bid", "price": 49943.40568660192, "quantity": 1.2258477507632317, "capture_latency_ms": 0.20623207092285156, "sequence_number": 2}
{"exchange": "mock", "pair": "BTC-USDT", "timestamp_ms": 1754269201737, "side": "bid", "price": 49938.39832689802, "quantity": 30.207465280483436, "capture_latency_ms": 0.20623207092285156, "sequence_number": 2}
{"exchange": "mock", "pair": "BTC-USDT", "timestamp_ms": 1754269201737, "side": "bid", "price": 49933.39096719414, "quantity": 6.232166561348863, "capture_latency_ms": 0.20623207092285156, "sequence_number": 2}
{"exchange": "mock", "pair": "BTC-USDT", "timestamp_ms": 1754269201737, "side": "bid", "price": 49928.38360749024, "quantity": 1.4437408342881448, "capture_latency_ms": 0.20623207092285156, "sequence_number": 2}
{"exchange": "mock", "pair": "BTC-USDT", "timestamp_ms": 1754269201737, "side": "bid", "price": 49923.37624778636, "quantity": 1.9580106362434804, "capture_latency_ms": 0.20623207092285156, "sequence_number": 2}
{"exchange": "mock", "pair": "BTC-USDT", "timestamp_ms": 1754269201737, "side": "bid", "price": 49918.36888808246, "quantity": 10.864546357161169, "capture_latency_ms": 0.20623207092285156, "sequence_number": 2}
{"exchange": "mock", "pair": "BTC-USDT", "timestamp_ms": 1754269201737, "side": "bid", "price": 49913.36152837857, "quantity": 21.830884908984558, "capture_latency_ms": 0.20623207092285156, "sequence_number": 2}
{"exchange": "mock", "pair": "BTC-USDT", "timestamp_ms": 1754269201737, "side": "bid", "price": 49908.35416867468, "quantity": 26.509021079612634, "capture_latency_ms": 0.20623207092285156, "sequence_number": 2}
{"exchange": "mock", "pair": "BTC-USDT", "timestamp_ms": 1754269201737, "side": "bid", "price": 49903.34680897079, "quantity": 24.139920520300464, "capture_latency_ms": 0.20623207092285156, "sequence_number": 2}
{"exchange": "mock", "pair": "BTC-USDT", "timestamp_ms": 1754269201737, "side": "bid", "price": 49898.3394492669, "quantity": 38.645087548773915, "capture_latency_ms": 0.20623207092285156, "sequence_number": 2}
{"exchange": "mock", "pair": "BTC-USDT", "timestamp_ms": 1754269201737, "side": "bid", "price": 49893.33208956301, "quantity": 28.642373736898744, "capture_latency_ms": 0.20623207092285156, "sequence_number": 2}
{"exchange": "mock", "pair": "BTC-USDT", "timestamp_ms": 1754269201737, "side": "bid", "price": 49888.32472985912, "quantity": 42.97397400514715, "capture_latency_ms": 0.20623207092285156, "sequence_number": 2}
{"exchange": "mock", "pair": "BTC-USDT", "timestamp_ms": 1754269201737, "side": "bid", "price": 49883.31737015523, "quantity": 43.58113866534559, "capture_latency_ms": 0.20623207092285156, "sequence_number": 2}
{"exchange": "mock", "pair": "BTC-USDT", "timestamp_ms": 1754269201737, "side": "bid", "price": 49878.31001045134, "quantity": 10.825878292411813, "capture_latency_ms": 0.20623207092285156, "sequence_number": 2}
{"exchange": "mock", "pair": "BTC-USDT", "timestamp_ms": 1754269201737, "side": "bid", "price": 49873.30265074745, "quantity": 21.545599286513628, "capture_latency_ms": 0.20623207092285156, "sequence_number": 2}
{"exchange": "mock", "pair": "BTC-USDT", "timestamp_ms": 1754269201737, "side": "bid", "price": 49868.29529104356, "quantity": 28.770924165508692, "capture_latency_ms": 0.20623207092285156, "sequence_number": 2}
{"exchange": "mock", "pair": "BTC-USDT", "timestamp_ms": 1754269201737, "side": "bid", "price": 49863.28793133967, "quantity": 10.053337809178856, "capture_latency_ms": 0.20623207092285156, "sequence_number": 2}
{"exchange": "mock", "pair": "BTC-USDT", "timestamp_ms": 1754269201737, "side": "bid", "price": 49858.280571635776, "quantity": 45.67888598270019, "capture_latency_ms": 0.20623207092285156, "sequence_number": 2}
{"exchange": "mock", "pair": "BTC-USDT", "timestamp_ms": 1754269201737, "side": "bid", "price": 49853.27321193189, "quantity": 10.033494528858972, "capture_latency_ms": 0.20623207092285156, "sequence_number": 2}
{"exchange": "mock", "pair": "BTC-USDT", "timestamp_ms": 1754269201737, "side": "bid", "price": 49848.265852227996, "quantity": 53.56471333288299, "capture_latency_ms": 0.20623207092285156, "sequence_number": 2}
{"exchange": "mock", "pair": "BTC-USDT", "timestamp_ms": 1754269201737, "side": "bid", "price": 49843.25849252411, "quantity": 23.881461689705535, "capture_latency_ms": 0.20623207092285156, "sequence_number": 2}
{"exchange": "mock", "pair": "BTC-USDT", "timestamp_ms": 1754269201737, "side": "bid", "price": 49838.251132820216, "quantity": 39.20656709646517, "capture_latency_ms": 0.20623207092285156, "sequence_number": 2}
{"exchange": "mock", "pair": "BTC-USDT", "timestamp_ms": 1754269201737, "side": "bid", "price": 49833.24377311633, "quantity": 19.805893312995085, "capture_latency_ms": 0.20623207092285156, "sequence_number": 2}
{"exchange": "mock", "pair": "BTC-USDT", "timestamp_ms": 1754269201737, "side": "bid", "price": 49828.23641341244, "quantity": 45.16382149685487, "capture_latency_ms": 0.20623207092285156, "sequence_number": 2}
{"exchange": "mock", "pair": "BTC-USDT", "timestamp_ms": 1754269201737, "side": "bid", "price": 49823.22905370855, "quantity": 22.541433271025, "capture_latency_ms": 0.20623207092285156, "sequence_number": 2}
{"exchange": "mock", "pair": "BTC-USDT", "timestamp_ms": 1754269201737, "side": "bid", "price": 49818.22169400466, "quantity": 27.380464352841088, "capture_latency_ms": 0.20623207092285156, "sequence_number": 2}
{"exchange": "mock", "pair": "BTC-USDT", "timestamp_ms": 1754269201737, "side": "bid", "price": 49813.21433430077, "quantity": 16.247565243634003, "capture_latency_ms": 0.20623207092285156, "sequence_number": 2}
{"exchange": "mock", "pair": "BTC-USDT", "timestamp_ms": 1754269201737, "side": "bid", "price": 49808.20697459688, "quantity": 6.519397436602062, "capture_latency_ms": 0.20623207092285156, "sequence_number": 2}
{"exchange": "mock", "pair": "BTC-USDT", "timestamp_ms": 1754269201737, "side": "bid", "price": 49803.19961489298, "quantity": 7.856691893001846, "capture_latency_ms": 0.20623207092285156, "sequence_number": 2}
{"exchange": "mock", "pair": "BTC-USDT", "timestamp_ms": 1754269201737, "side": "bid", "price": 49798.1922551891, "quantity": 39.63016696294127, "capture_latency_ms": 0.20623207092285156, "sequence_number": 2}
{"exchange": "mock", "pair": "BTC-USDT", "timestamp_ms": 1754269201737, "side": "bid", "price": 49793.1848954852, "quantity": 20.639568737151563, "capture_latency_ms": 0.20623207092285156, "sequence_number": 2}
{"exchange": "mock", "pair": "BTC-USDT", "timestamp_ms": 1754269201737, "side": "bid", "price": 49788.17753578132, "quantity": 3.3535044851712414, "capture_latency_ms": 0.20623207092285156, "sequence_number": 2}
{"exchange": "mock", "pair": "BTC-USDT", "timestamp_ms": 1754269201737, "side": "bid", "price": 49783.17017607742, "quantity": 62.407532482108444, "capture_latency_ms": 0.20623207092285156, "sequence_number": 2}
{"exchange": "mock", "pair": "BTC-USDT", "timestamp_ms": 1754269201737, "side": "bid", "price": 49778.16281637354, "quantity": 49.92933745975048, "capture_latency_ms": 0.20623207092285156, "sequence_number": 2}
{"exchange": "mock", "pair": "BTC-USDT", "timestamp_ms": 1754269201737, "side": "bid", "price": 49773.15545666964, "quantity": 5.475389468407692, "capture_latency_ms": 0.20623207092285156, "sequence_number": 2}
{"exchange": "mock", "pair": "BTC-USDT", "timestamp_ms": 1754269201737, "side": "bid", "price": 49768.14809696576, "quantity": 59.34132374001311, "capture_latency_ms": 0.20623207092285156, "sequence_number": 2}
{"exchange": "mock", "pair": "BTC-USDT", "timestamp_ms": 1754269201737, "side": "bid", "price": 49763.14073726186, "quantity": 19.582613542818162, "capture_latency_ms": 0.20623207092285156, "sequence_number": 2}
{"exchange": "mock", "pair": "BTC-USDT", "timestamp_ms": 1754269201737, "side": "bid", "price": 49758.13337755798, "quantity": 6.487402875478783, "capture_latency_ms": 0.20623207092285156, "sequence_number": 2}
{"exchange": "mock", "pair": "BTC-USDT", "timestamp_ms": 1754269201737, "side": "bid", "price": 49753.12601785408, "quantity": 64.9006749140547, "capture_latency_ms": 0.20623207092285156, "sequence_number": 2}
{"exchange": "mock", "pair": "BTC-USDT", "timestamp_ms": 1754269201737, "side": "bid", "price": 49748.11865815019, "quantity": 9.907556018652643, "capture_latency_ms": 0.20623207092285156, "sequence_number": 2}
{"exchange": "mock", "pair": "BTC-USDT", "timestamp_ms": 1754269201737, "side": "bid", "price": 49743.1112984463, "quantity": 65.01145866142029, "capture_latency_ms": 0.20623207092285156, "sequence_number": 2}
{"exchange": "mock", "pair": "BTC-USDT", "timestamp_ms": 1754269201737, "side": "bid", "price": 49738.10393874241, "quantity": 71.74397129356501, "capture_latency_ms": 0.20623207092285156, "sequence_number": 2}
{"exchange": "mock", "pair": "BTC-USDT", "timestamp_ms": 1754269201737, "side": "bid", "price": 49733.09657903852, "quantity": 31.214782388037666, "capture_latency_ms": 0.20623207092285156, "sequence_number": 2}
{"exchange": "mock", "pair": "BTC-USDT", "timestamp_ms": 1754269201737, "side": "bid", "price": 49728.08921933463, "quantity": 15.542446097832162, "capture_latency_ms": 0.20623207092285156, "sequence_number": 2}
{"exchange": "mock", "pair": "BTC-USDT", "timestamp_ms": 1754269201737, "side": "bid", "price": 49723.08185963074, "quantity": 70.79340820020263, "capture_latency_ms": 0.20623207092285156, "sequence_number": 2}
{"exchange": "mock", "pair": "BTC-USDT", "timestamp_ms": 1754269201737, "side": "bid", "price": 49718.07449992685, "quantity": 31.729819198069674, "capture_latency_ms": 0.20623207092285156, "sequence_number": 2}
{"exchange": "mock", "pair": "BTC-USDT", "timestamp_ms": 1754269201737, "side": "bid", "price": 49713.067140222964, "quantity": 62.22477846921795, "capture_latency_ms": 0.20623207092285156, "sequence_number": 2}
{"exchange": "mock", "pair": "BTC-USDT", "timestamp_ms": 1754269201737, "side": "bid", "price": 49708.05978051907, "quantity": 54.31272138937012, "capture_latency_ms": 0.20623207092285156, "sequence_number": 2}
