{"exchange": "mock", "pair": "BTC-USDT", "timestamp_ms": 1754257929676, "side": "bid", "price": 50061.06826606099, "quantity": 5.879131835221859, "capture_latency_ms": 0.7131099700927734, "sequence_number": 51}
{"exchange": "mock", "pair": "BTC-USDT", "timestamp_ms": 1754257929676, "side": "bid", "price": 50056.06215923438, "quantity": 10.245651104724741, "capture_latency_ms": 0.7131099700927734, "sequence_number": 51}
{"exchange": "mock", "pair": "BTC-USDT", "timestamp_ms": 1754257929676, "side": "bid", "price": 50051.056052407774, "quantity": 7.042800421494798, "capture_latency_ms": 0.7131099700927734, "sequence_number": 51}
{"exchange": "mock", "pair": "BTC-USDT", "timestamp_ms": 1754257929676, "side": "bid", "price": 50046.04994558117, "quantity": 12.309522968293082, "capture_latency_ms": 0.7131099700927734, "sequence_number": 51}
{"exchange": "mock", "pair": "BTC-USDT", "timestamp_ms": 1754257929676, "side": "bid", "price": 50041.043838754566, "quantity": 3.6609361021455995, "capture_latency_ms": 0.7131099700927734, "sequence_number": 51}
{"exchange": "mock", "pair": "BTC-USDT", "timestamp_ms": 1754257929676, "side": "bid", "price": 50036.03773192796, "quantity": 2.337730116731924, "capture_latency_ms": 0.7131099700927734, "sequence_number": 51}
{"exchange": "mock", "pair": "BTC-USDT", "timestamp_ms": 1754257929676, "side": "bid", "price": 50031.03162510135, "quantity": 2.9702813603931135, "capture_latency_ms": 0.7131099700927734, "sequence_number": 51}
{"exchange": "mock", "pair": "BTC-USDT", "timestamp_ms": 1754257929676, "side": "bid", "price": 50026.02551827475, "quantity": 16.22410455224987, "capture_latency_ms": 0.7131099700927734, "sequence_number": 51}
{"exchange": "mock", "pair": "BTC-USDT", "timestamp_ms": 1754257929676, "side": "bid", "price": 50021.01941144814, "quantity": 17.374389484714936, "capture_latency_ms": 0.7131099700927734, "sequence_number": 51}
{"exchange": "mock", "pair": "BTC-USDT", "timestamp_ms": 1754257929676, "side": "bid", "price": 50016.013304621534, "quantity": 2.8479373438250724, "capture_latency_ms": 0.7131099700927734, "sequence_number": 51}
{"exchange": "mock", "pair": "BTC-USDT", "timestamp_ms": 1754257929676, "side": "bid", "price": 50011.00719779493, "quantity": 5.808938681917052, "capture_latency_ms": 0.7131099700927734, "sequence_number": 51}
{"exchange": "mock", "pair": "BTC-USDT", "timestamp_ms": 1754257929676, "side": "bid", "price": 50006.00109096832, "quantity": 13.43567750905262, "capture_latency_ms": 0.7131099700927734, "sequence_number": 51}
{"exchange": "mock", "pair": "BTC-USDT", "timestamp_ms": 1754257929676, "side": "bid", "price": 50000.99498414172, "quantity": 1.1383397334803937, "capture_latency_ms": 0.7131099700927734, "sequence_number": 51}
{"exchange": "mock", "pair": "BTC-USDT", "timestamp_ms": 1754257929676, "side": "bid", "price": 49995.98887731511, "quantity": 1.251943346526427, "capture_latency_ms": 0.7131099700927734, "sequence_number": 51}
{"exchange": "mock", "pair": "BTC-USDT", "timestamp_ms": 1754257929676, "side": "bid", "price": 49990.9827704885, "quantity": 6.321731622256304, "capture_latency_ms": 0.7131099700927734, "sequence_number": 51}
{"exchange": "mock", "pair": "BTC-USDT", "timestamp_ms": 1754257929676, "side": "bid", "price": 49985.976663661895, "quantity": 13.861779542961166, "capture_latency_ms": 0.7131099700927734, "sequence_number": 51}
{"exchange": "mock", "pair": "BTC-USDT", "timestamp_ms": 1754257929676, "side": "bid", "price": 49980.970556835295, "quantity": 20.05620074392094, "capture_latency_ms": 0.7131099700927734, "sequence_number": 51}
{"exchange": "mock", "pair": "BTC-USDT", "timestamp_ms": 1754257929676, "side": "bid", "price": 49975.96445000869, "quantity": 21.05163306671261, "capture_latency_ms": 0.7131099700927734, "sequence_number": 51}
{"exchange": "mock", "pair": "BTC-USDT", "timestamp_ms": 1754257929676, "side": "bid", "price": 49970.95834318208, "quantity": 25.91785631563518, "capture_latency_ms": 0.7131099700927734, "sequence_number": 51}
{"exchange": "mock", "pair": "BTC-USDT", "timestamp_ms": 1754257929676, "side": "bid", "price": 49965.95223635547, "quantity": 13.056174354332674, "capture_latency_ms": 0.7131099700927734, "sequence_number": 51}
{"exchange": "mock", "pair": "BTC-USDT", "timestamp_ms": 1754257929676, "side": "bid", "price": 49960.946129528864, "quantity": 8.029959261443915, "capture_latency_ms": 0.7131099700927734, "sequence_number": 51}
{"exchange": "mock", "pair": "BTC-USDT", "timestamp_ms": 1754257929676, "side": "bid", "price": 49955.94002270226, "quantity": 17.23200725738284, "capture_latency_ms": 0.7131099700927734, "sequence_number": 51}
{"exchange": "mock", "pair": "BTC-USDT", "timestamp_ms": 1754257929676, "side": "bid", "price": 49950.933915875656, "quantity": 10.028419795740273, "capture_latency_ms": 0.7131099700927734, "sequence_number": 51}
{"exchange": "mock", "pair": "BTC-USDT", "timestamp_ms": 1754257929676, "side": "bid", "price": 49945.92780904905, "quantity": 10.142172802547991, "capture_latency_ms": 0.7131099700927734, "sequence_number": 51}
{"exchange": "mock", "pair": "BTC-USDT", "timestamp_ms": 1754257929676, "side": "bid", "price": 49940.92170222244, "quantity": 11.984007784678802, "capture_latency_ms": 0.7131099700927734, "sequence_number": 51}
{"exchange": "mock", "pair": "BTC-USDT", "timestamp_ms": 1754257929676, "side": "bid", "price": 49935.91559539584, "quantity": 3.720715772197898, "capture_latency_ms": 0.7131099700927734, "sequence_number": 51}
{"exchange": "mock", "pair": "BTC-USDT", "timestamp_ms": 1754257929676, "side": "bid", "price": 49930.90948856923, "quantity": 23.91893112774187, "capture_latency_ms": 0.7131099700927734, "sequence_number": 51}
{"exchange": "mock", "pair": "BTC-USDT", "timestamp_ms": 1754257929676, "side": "bid", "price": 49925.903381742624, "quantity": 6.3314554408330785, "capture_latency_ms": 0.7131099700927734, "sequence_number": 51}
{"exchange": "mock", "pair": "BTC-USDT", "timestamp_ms": 1754257929676, "side": "bid", "price": 49920.89727491602, "quantity": 13.146595367990354, "capture_latency_ms": 0.7131099700927734, "sequence_number": 51}
{"exchange": "mock", "pair": "BTC-USDT", "timestamp_ms": 1754257929676, "side": "bid", "price": 49915.89116808941, "quantity": 2.5568255555376465, "capture_latency_ms": 0.7131099700927734, "sequence_number": 51}
{"exchange": "mock", "pair": "BTC-USDT", "timestamp_ms": 1754257929676, "side": "bid", "price": 49910.88506126281, "quantity": 6.67471776972824, "capture_latency_ms": 0.7131099700927734, "sequence_number": 51}
{"exchange": "mock", "pair": "BTC-USDT", "timestamp_ms": 1754257929676, "side": "bid", "price": 49905.8789544362, "quantity": 12.887143153248905, "capture_latency_ms": 0.7131099700927734, "sequence_number": 51}
{"exchange": "mock", "pair": "BTC-USDT", "timestamp_ms": 1754257929676, "side": "bid", "price": 49900.87284760959, "quantity": 16.173635726304457, "capture_latency_ms": 0.7131099700927734, "sequence_number": 51}
{"exchange": "mock", "pair": "BTC-USDT", "timestamp_ms": 1754257929676, "side": "bid", "price": 49895.866740782985, "quantity": 22.366433968709533, "capture_latency_ms": 0.7131099700927734, "sequence_number": 51}
{"exchange": "mock", "pair": "BTC-USDT", "timestamp_ms": 1754257929676, "side": "bid", "price": 49890.860633956385, "quantity": 20.397003273548115, "capture_latency_ms": 0.7131099700927734, "sequence_number": 51}
{"exchange": "mock", "pair": "BTC-USDT", "timestamp_ms": 1754257929676, "side": "bid", "price": 49885.85452712978, "quantity": 26.7450871831347, "capture_latency_ms": 0.7131099700927734, "sequence_number": 51}
{"exchange": "mock", "pair": "BTC-USDT", "timestamp_ms": 1754257929676, "side": "bid", "price": 49880.84842030317, "quantity": 33.66992255085829, "capture_latency_ms": 0.7131099700927734, "sequence_number": 51}
{"exchange": "mock", "pair": "BTC-USDT", "timestamp_ms": 1754257929676, "side": "bid", "price": 49875.84231347656, "quantity": 44.69555698207421, "capture_latency_ms": 0.7131099700927734, "sequence_number": 51}
{"exchange": "mock", "pair": "BTC-USDT", "timestamp_ms": 1754257929676, "side": "bid", "price": 49870.836206649954, "quantity": 34.896315750574885, "capture_latency_ms": 0.7131099700927734, "sequence_number": 51}
{"exchange": "mock", "pair": "BTC-USDT", "timestamp_ms": 1754257929676, "side": "bid", "price": 49865.83009982335, "quantity": 12.334887059184084, "capture_latency_ms": 0.7131099700927734, "sequence_number": 51}
{"exchange": "mock", "pair": "BTC-USDT", "timestamp_ms": 1754257929676, "side": "bid", "price": 49860.823992996746, "quantity": 36.45622154046441, "capture_latency_ms": 0.7131099700927734, "sequence_number": 51}
{"exchange": "mock", "pair": "BTC-USDT", "timestamp_ms": 1754257929676, "side": "bid", "price": 49855.81788617014, "quantity": 39.91426176311944, "capture_latency_ms": 0.7131099700927734, "sequence_number": 51}
{"exchange": "mock", "pair": "BTC-USDT", "timestamp_ms": 1754257929676, "side": "bid", "price": 49850.81177934353, "quantity": 24.293412624448738, "capture_latency_ms": 0.7131099700927734, "sequence_number": 51}
{"exchange": "mock", "pair": "BTC-USDT", "timestamp_ms": 1754257929676, "side": "bid", "price": 49845.80567251693, "quantity": 14.102201443233056, "capture_latency_ms": 0.7131099700927734, "sequence_number": 51}
{"exchange": "mock", "pair": "BTC-USDT", "timestamp_ms": 1754257929676, "side": "bid", "price": 49840.79956569032, "quantity": 22.118170660464447, "capture_latency_ms": 0.7131099700927734, "sequence_number": 51}
{"exchange": "mock", "pair": "BTC-USDT", "timestamp_ms": 1754257929676, "side": "bid", "price": 49835.793458863714, "quantity": 54.24021500073866, "capture_latency_ms": 0.7131099700927734, "sequence_number": 51}
{"exchange": "mock", "pair": "BTC-USDT", "timestamp_ms": 1754257929676, "side": "bid", "price": 49830.78735203711, "quantity": 8.820146547049154, "capture_latency_ms": 0.7131099700927734, "sequence_number": 51}
{"exchange": "mock", "pair": "BTC-USDT", "timestamp_ms": 1754257929676, "side": "bid", "price": 49825.7812452105, "quantity": 8.37331496617684, "capture_latency_ms": 0.7131099700927734, "sequence_number": 51}
{"exchange": "mock", "pair": "BTC-USDT", "timestamp_ms": 1754257929676, "side": "bid", "price": 49820.7751383839, "quantity": 49.539989021925535, "capture_latency_ms": 0.7131099700927734, "sequence_number": 51}
{"exchange": "mock", "pair": "BTC-USDT", "timestamp_ms": 1754257929676, "side": "bid", "price": 49815.76903155729, "quantity": 52.066314302813005, "capture_latency_ms": 0.7131099700927734, "sequence_number": 51}
{"exchange": "mock", "pair": "BTC-USDT", "timestamp_ms": 1754257929676, "side": "bid", "price": 49810.76292473068, "quantity": 20.442818321020212, "capture_latency_ms": 0.7131099700927734, "sequence_number": 51}
{"exchange": "mock", "pair": "BTC-USDT", "timestamp_ms": 1754257929676, "side": "bid", "price": 49805.756817904075, "quantity": 24.13112252641968, "capture_latency_ms": 0.7131099700927734, "sequence_number": 51}
{"exchange": "mock", "pair": "BTC-USDT", "timestamp_ms": 1754257929676, "side": "bid", "price": 49800.750711077475, "quantity": 56.495998844238656, "capture_latency_ms": 0.7131099700927734, "sequence_number": 51}
{"exchange": "mock", "pair": "BTC-USDT", "timestamp_ms": 1754257929676, "side": "bid", "price": 49795.74460425087, "quantity": 35.61458144670612, "capture_latency_ms": 0.7131099700927734, "sequence_number": 51}
{"exchange": "mock", "pair": "BTC-USDT", "timestamp_ms": 1754257929676, "side": "bid", "price": 49790.73849742426, "quantity": 47.14191795361951, "capture_latency_ms": 0.7131099700927734, "sequence_number": 51}
{"exchange": "mock", "pair": "BTC-USDT", "timestamp_ms": 1754257929676, "side": "bid", "price": 49785.73239059765, "quantity": 5.684245288654824, "capture_latency_ms": 0.7131099700927734, "sequence_number": 51}
{"exchange": "mock", "pair": "BTC-USDT", "timestamp_ms": 1754257929676, "side": "bid", "price": 49780.726283771044, "quantity": 28.85944513295272, "capture_latency_ms": 0.7131099700927734, "sequence_number": 51}
{"exchange": "mock", "pair": "BTC-USDT", "timestamp_ms": 1754257929676, "side": "bid", "price": 49775.720176944444, "quantity": 64.08819393408943, "capture_latency_ms": 0.7131099700927734, "sequence_number": 51}
{"exchange": "mock", "pair": "BTC-USDT", "timestamp_ms": 1754257929676, "side": "bid", "price": 49770.714070117836, "quantity": 60.17725788287666, "capture_latency_ms": 0.7131099700927734, "sequence_number": 51}
{"exchange": "mock", "pair": "BTC-USDT", "timestamp_ms": 1754257929676, "side": "bid", "price": 49765.70796329123, "quantity": 16.957342457177184, "capture_latency_ms": 0.7131099700927734, "sequence_number": 51}
{"exchange": "mock", "pair": "BTC-USDT", "timestamp_ms": 1754257929676, "side": "bid", "price": 49760.70185646462, "quantity": 19.291307346443663, "capture_latency_ms": 0.7131099700927734, "sequence_number": 51}
{"exchange": "mock", "pair": "BTC-USDT", "timestamp_ms": 1754257929676, "side": "bid", "price": 49755.69574963802, "quantity": 59.28457111640654, "capture_latency_ms": 0.7131099700927734, "sequence_number": 51}
{"exchange": "mock", "pair": "BTC-USDT", "timestamp_ms": 1754257929676, "side": "bid", "price": 49750.68964281141, "quantity": 38.37004337303624, "capture_latency_ms": 0.7131099700927734, "sequence_number": 51}
{"exchange": "mock", "pair": "BTC-USDT", "timestamp_ms": 1754257929676, "side": "bid", "price": 49745.683535984805, "quantity": 24.461367568277776, "capture_latency_ms": 0.7131099700927734, "sequence_number": 51}
{"exchange": "mock", "pair": "BTC-USDT", "timestamp_ms": 1754257929676, "side": "bid", "price": 49740.6774291582, "quantity": 17.369362097073758, "capture_latency_ms": 0.7131099700927734, "sequence_number": 51}
{"exchange": "mock", "pair": "BTC-USDT", "timestamp_ms": 1754257929676, "side": "bid", "price": 49735.67132233159, "quantity": 53.75409201981828, "capture_latency_ms": 0.7131099700927734, "sequence_number": 51}
{"exchange": "mock", "pair": "BTC-USDT", "timestamp_ms": 1754257929676, "side": "bid", "price": 49730.66521550499, "quantity": 20.146973809605317, "capture_latency_ms": 0.7131099700927734, "sequence_number": 51}
{"exchange": "mock", "pair": "BTC-USDT", "timestamp_ms": 1754257929676, "side": "bid", "price": 49725.65910867838, "quantity": 37.17408604940443, "capture_latency_ms": 0.7131099700927734, "sequence_number": 51}
{"exchange": "mock", "pair": "BTC-USDT", "timestamp_ms": 1754257929676, "side": "bid", "price": 49720.65300185177, "quantity": 50.322658003883035, "capture_latency_ms": 0.7131099700927734, "sequence_number": 51}
{"exchange": "mock", "pair": "BTC-USDT", "timestamp_ms": 1754257929676, "side": "bid", "price": 49715.646895025166, "quantity": 42.59734662751397, "capture_latency_ms": 0.7131099700927734, "sequence_number": 51}
{"exchange": "mock", "pair": "BTC-USDT", "timestamp_ms": 1754257929676, "side": "bid", "price": 49710.640788198565, "quantity": 64.04025478354242, "capture_latency_ms": 0.7131099700927734, "sequence_number": 51}
{"exchange": "mock", "pair": "BTC-USDT", "timestamp_ms": 1754257929676, "side": "bid", "price": 49705.63468137196, "quantity": 74.23016971902354, "capture_latency_ms": 0.7131099700927734, "sequence_number": 51}
{"exchange": "mock", "pair": "BTC-USDT", "timestamp_ms": 1754257929676, "side": "bid", "price": 49700.62857454535, "quantity": 69.52135190031278, "capture_latency_ms": 0.7131099700927734, "sequence_number": 51}
{"exchange": "mock", "pair": "BTC-USDT", "timestamp_ms": 1754257929676, "side": "bid", "price": 49695.62246771874, "quantity": 3.204283359328964, "capture_latency_ms": 0.7131099700927734, "sequence_number": 51}
{"exchange": "mock", "pair": "BTC-USDT", "timestamp_ms": 1754257929676, "side": "bid", "price": 49690.616360892134, "quantity": 21.252155909059333, "capture_latency_ms": 0.7131099700927734, "sequence_number": 51}
{"exchange": "mock", "pair": "BTC-USDT", "timestamp_ms": 1754257929676, "side": "bid", "price": 49685.610254065534, "quantity": 2.7562309112352685, "capture_latency_ms": 0.7131099700927734, "sequence_number": 51}
{"exchange": "mock", "pair": "BTC-USDT", "timestamp_ms": 1754257929676, "side": "bid", "price": 49680.604147238926, "quantity": 38.82818078549526, "capture_latency_ms": 0.7131099700927734, "sequence_number": 51}
{"exchange": "mock", "pair": "BTC-USDT", "timestamp_ms": 1754257929676, "side": "bid", "price": 49675.59804041232, "quantity": 55.715160012792815, "capture_latency_ms": 0.7131099700927734, "sequence_number": 51}
{"exchange": "mock", "pair": "BTC-USDT", "timestamp_ms": 1754257929676, "side": "bid", "price": 49670.59193358571, "quantity": 44.39543098683531, "capture_latency_ms": 0.7131099700927734, "sequence_number": 51}
{"exchange": "mock", "pair": "BTC-USDT", "timestamp_ms": 1754257929676, "side": "bid", "price": 49665.58582675911, "quantity": 63.53980040270142, "capture_latency_ms": 0.7131099700927734, "sequence_number": 51}
{"exchange": "mock", "pair": "BTC-USDT", "timestamp_ms": 1754257929676, "side": "bid", "price": 49660.5797199325, "quantity": 19.971999756490877, "capture_latency_ms": 0.7131099700927734, "sequence_number": 51}
{"exchange": "mock", "pair": "BTC-USDT", "timestamp_ms": 1754257929676, "side": "bid", "price": 49655.573613105895, "quantity": 4.634108746190065, "capture_latency_ms": 0.7131099700927734, "sequence_number": 51}
{"exchange": "mock", "pair": "BTC-USDT", "timestamp_ms": 1754257929676, "side": "bid", "price": 49650.56750627929, "quantity": 83.86615278681818, "capture_latency_ms": 0.7131099700927734, "sequence_number": 51}
{"exchange": "mock", "pair": "BTC-USDT", "timestamp_ms": 1754257929676, "side": "bid", "price": 49645.56139945268, "quantity": 36.33529874175888, "capture_latency_ms": 0.7131099700927734, "sequence_number": 51}
{"exchange": "mock", "pair": "BTC-USDT", "timestamp_ms": 1754257929676, "side": "bid", "price": 49640.55529262608, "quantity": 69.30373103262598, "capture_latency_ms": 0.7131099700927734, "sequence_number": 51}
{"exchange": "mock", "pair": "BTC-USDT", "timestamp_ms": 1754257929676, "side": "bid", "price": 49635.54918579947, "quantity": 94.49998471510442, "capture_latency_ms": 0.7131099700927734, "sequence_number": 51}
{"exchange": "mock", "pair": "BTC-USDT", "timestamp_ms": 1754257929676, "side": "bid", "price": 49630.54307897286, "quantity": 41.163677325784086, "capture_latency_ms": 0.7131099700927734, "sequence_number": 51}
{"exchange": "mock", "pair": "BTC-USDT", "timestamp_ms": 1754257929676, "side": "bid", "price": 49625.536972146256, "quantity": 25.563480007804053, "capture_latency_ms": 0.7131099700927734, "sequence_number": 51}
{"exchange": "mock", "pair": "BTC-USDT", "timestamp_ms": 1754257929676, "side": "bid", "price": 49620.530865319655, "quantity": 1.0368585388839782, "capture_latency_ms": 0.7131099700927734, "sequence_number": 51}
{"exchange": "mock", "pair": "BTC-USDT", "timestamp_ms": 1754257929676, "side": "bid", "price": 49615.52475849305, "quantity": 14.113775875915401, "capture_latency_ms": 0.7131099700927734, "sequence_number": 51}
{"exchange": "mock", "pair": "BTC-USDT", "timestamp_ms": 1754257929676, "side": "bid", "price": 49610.51865166644, "quantity": 20.234801572471035, "capture_latency_ms": 0.7131099700927734, "sequence_number": 51}
{"exchange": "mock", "pair": "BTC-USDT", "timestamp_ms": 1754257929676, "side": "bid", "price": 49605.51254483983, "quantity": 26.91985442904347, "capture_latency_ms": 0.7131099700927734, "sequence_number": 51}
{"exchange": "mock", "pair": "BTC-USDT", "timestamp_ms": 1754257929676, "side": "bid", "price": 49600.506438013224, "quantity": 6.57465421402826, "capture_latency_ms": 0.7131099700927734, "sequence_number": 51}
{"exchange": "mock", "pair": "BTC-USDT", "timestamp_ms": 1754257929676, "side": "bid", "price": 49595.500331186624, "quantity": 100.41742021574383, "capture_latency_ms": 0.7131099700927734, "sequence_number": 51}
{"exchange": "mock", "pair": "BTC-USDT", "timestamp_ms": 1754257929676, "side": "bid", "price": 49590.494224360016, "quantity": 77.71054681699637, "capture_latency_ms": 0.7131099700927734, "sequence_number": 51}
{"exchange": "mock", "pair": "BTC-USDT", "timestamp_ms": 1754257929676, "side": "bid", "price": 49585.48811753341, "quantity": 95.05481262572295, "capture_latency_ms": 0.7131099700927734, "sequence_number": 51}
{"exchange": "mock", "pair": "BTC-USDT", "timestamp_ms": 1754257929676, "side": "bid", "price": 49580.4820107068, "quantity": 8.559122690286257, "capture_latency_ms": 0.7131099700927734, "sequence_number": 51}
{"exchange": "mock", "pair": "BTC-USDT", "timestamp_ms": 1754257929676, "side": "bid", "price": 49575.4759038802, "quantity": 71.32378622340879, "capture_latency_ms": 0.7131099700927734, "sequence_number": 51}
{"exchange": "mock", "pair": "BTC-USDT", "timestamp_ms": 1754257929676, "side": "bid", "price": 49570.46979705359, "quantity": 22.431754282855145, "capture_latency_ms": 0.7131099700927734, "sequence_number": 51}
{"exchange": "mock", "pair": "BTC-USDT", "timestamp_ms": 1754257929676, "side": "bid", "price": 49565.463690226985, "quantity": 10.032887630494503, "capture_latency_ms": 0.7131099700927734, "sequence_number": 51}
{"exchange": "mock", "pair": "BTC-USDT", "timestamp_ms": 1754257929676, "side": "ask", "price": 50061.06826606099, "quantity": 6.908619131445072, "capture_latency_ms": 0.7131099700927734, "sequence_number": 51}
{"exchange": "mock", "pair": "BTC-USDT", "timestamp_ms": 1754257929676, "side": "ask", "price": 50066.0743728876, "quantity": 0.9450433489217691, "capture_latency_ms": 0.7131099700927734, "sequence_number": 51}
{"exchange": "mock", "pair": "BTC-USDT", "timestamp_ms": 1754257929676, "side": "ask", "price": 50071.080479714205, "quantity": 8.879498480073384, "capture_latency_ms": 0.7131099700927734, "sequence_number": 51}
{"exchange": "mock", "pair": "BTC-USDT", "timestamp_ms": 1754257929676, "side": "ask", "price": 50076.086586540805, "quantity": 7.620540908413735, "capture_latency_ms": 0.7131099700927734, "sequence_number": 51}
{"exchange": "mock", "pair": "BTC-USDT", "timestamp_ms": 1754257929676, "side": "ask", "price": 50081.09269336741, "quantity": 7.40583258089593, "capture_latency_ms": 0.7131099700927734, "sequence_number": 51}
{"exchange": "mock", "pair": "BTC-USDT", "timestamp_ms": 1754257929676, "side": "ask", "price": 50086.09880019402, "quantity": 4.513444429287969, "capture_latency_ms": 0.7131099700927734, "sequence_number": 51}
{"exchange": "mock", "pair": "BTC-USDT", "timestamp_ms": 1754257929676, "side": "ask", "price": 50091.10490702063, "quantity": 1.9013202793553232, "capture_latency_ms": 0.7131099700927734, "sequence_number": 51}
{"exchange": "mock", "pair": "BTC-USDT", "timestamp_ms": 1754257929676, "side": "ask", "price": 50096.11101384723, "quantity": 0.619762331304866, "capture_latency_ms": 0.7131099700927734, "sequence_number": 51}
{"exchange": "mock", "pair": "BTC-USDT", "timestamp_ms": 1754257929676, "side": "ask", "price": 50101.117120673836, "quantity": 3.039608921856605, "capture_latency_ms": 0.7131099700927734, "sequence_number": 51}
{"exchange": "mock", "pair": "BTC-USDT", "timestamp_ms": 1754257929676, "side": "ask", "price": 50106.123227500444, "quantity": 2.2949330165387356, "capture_latency_ms": 0.7131099700927734, "sequence_number": 51}
{"exchange": "mock", "pair": "BTC-USDT", "timestamp_ms": 1754257929676, "side": "ask", "price": 50111.12933432705, "quantity": 1.093512263666735, "capture_latency_ms": 0.7131099700927734, "sequence_number": 51}
{"exchange": "mock", "pair": "BTC-USDT", "timestamp_ms": 1754257929676, "side": "ask", "price": 50116.13544115366, "quantity": 1.7524499216584597, "capture_latency_ms": 0.7131099700927734, "sequence_number": 51}
{"exchange": "mock", "pair": "BTC-USDT", "timestamp_ms": 1754257929676, "side": "ask", "price": 50121.14154798026, "quantity": 3.316777862594693, "capture_latency_ms": 0.7131099700927734, "sequence_number": 51}
{"exchange": "mock", "pair": "BTC-USDT", "timestamp_ms": 1754257929676, "side": "ask", "price": 50126.14765480687, "quantity": 2.255106647924256, "capture_latency_ms": 0.7131099700927734, "sequence_number": 51}
{"exchange": "mock", "pair": "BTC-USDT", "timestamp_ms": 1754257929676, "side": "ask", "price": 50131.153761633475, "quantity": 2.3747672666511646, "capture_latency_ms": 0.7131099700927734, "sequence_number": 51}
{"exchange": "mock", "pair": "BTC-USDT", "timestamp_ms": 1754257929676, "side": "ask", "price": 50136.15986846008, "quantity": 0.9799123834169398, "capture_latency_ms": 0.7131099700927734, "sequence_number": 51}
{"exchange": "mock", "pair": "BTC-USDT", "timestamp_ms": 1754257929676, "side": "ask", "price": 50141.16597528668, "quantity": 0.14221476238773845, "capture_latency_ms": 0.7131099700927734, "sequence_number": 51}
{"exchange": "mock", "pair": "BTC-USDT", "timestamp_ms": 1754257929676, "side": "ask", "price": 50146.17208211329, "quantity": 1.191941719970944, "capture_latency_ms": 0.7131099700927734, "sequence_number": 51}
{"exchange": "mock", "pair": "BTC-USDT", "timestamp_ms": 1754257929676, "side": "ask", "price": 50151.1781889399, "quantity": 0.8394373693560386, "capture_latency_ms": 0.7131099700927734, "sequence_number": 51}
{"exchange": "mock", "pair": "BTC-USDT", "timestamp_ms": 1754257929676, "side": "ask", "price": 50156.18429576651, "quantity": 0.41042348673641216, "capture_latency_ms": 0.7131099700927734, "sequence_number": 51}
{"exchange": "mock", "pair": "BTC-USDT", "timestamp_ms": 1754257929676, "side": "ask", "price": 50161.190402593114, "quantity": 0.0, "capture_latency_ms": 0.7131099700927734, "sequence_number": 51}
{"exchange": "mock", "pair": "BTC-USDT", "timestamp_ms": 1754257929676, "side": "ask", "price": 50166.196509419715, "quantity": -0.25722186895254856, "capture_latency_ms": 0.7131099700927734, "sequence_number": 51}
{"exchange": "mock", "pair": "BTC-USDT", "timestamp_ms": 1754257929676, "side": "ask", "price": 50171.20261624632, "quantity": -0.7309643260009476, "capture_latency_ms": 0.7131099700927734, "sequence_number": 51}
{"exchange": "mock", "pair": "BTC-USDT", "timestamp_ms": 1754257929676, "side": "ask", "price": 50176.20872307293, "quantity": -0.5650306925054922, "capture_latency_ms": 0.7131099700927734, "sequence_number": 51}
{"exchange": "mock", "pair": "BTC-USDT", "timestamp_ms": 1754257929676, "side": "ask", "price": 50181.21482989954, "quantity": -1.5613450816491035, "capture_latency_ms": 0.7131099700927734, "sequence_number": 51}
{"exchange": "mock", "pair": "BTC-USDT", "timestamp_ms": 1754257929676, "side": "ask", "price": 50186.22093672614, "quantity": -2.1752521950508736, "capture_latency_ms": 0.7131099700927734, "sequence_number": 51}
{"exchange": "mock", "pair": "BTC-USDT", "timestamp_ms": 1754257929676, "side": "ask", "price": 50191.227043552746, "quantity": -2.2411781401185946, "capture_latency_ms": 0.7131099700927734, "sequence_number": 51}
{"exchange": "mock", "pair": "BTC-USDT", "timestamp_ms": 1754257929676, "side": "ask", "price": 50196.233150379354, "quantity": -0.7819381754268814, "capture_latency_ms": 0.7131099700927734, "sequence_number": 51}
{"exchange": "mock", "pair": "BTC-USDT", "timestamp_ms": 1754257929676, "side": "ask", "price": 50201.23925720596, "quantity": -1.1273210757331833, "capture_latency_ms": 0.7131099700927734, "sequence_number": 51}
{"exchange": "mock", "pair": "BTC-USDT", "timestamp_ms": 1754257929676, "side": "ask", "price": 50206.24536403257, "quantity": -4.39116118072692, "capture_latency_ms": 0.7131099700927734, "sequence_number": 51}
{"exchange": "mock", "pair": "BTC-USDT", "timestamp_ms": 1754257929676, "side": "ask", "price": 50211.25147085917, "quantity": -1.2928023236471786, "capture_latency_ms": 0.7131099700927734, "sequence_number": 51}
{"exchange": "mock", "pair": "BTC-USDT", "timestamp_ms": 1754257929676, "side": "ask", "price": 50216.25757768578, "quantity": -2.8900044060473733, "capture_latency_ms": 0.7131099700927734, "sequence_number": 51}
{"exchange": "mock", "pair": "BTC-USDT", "timestamp_ms": 1754257929676, "side": "ask", "price": 50221.263684512385, "quantity": -3.6975480808662264, "capture_latency_ms": 0.7131099700927734, "sequence_number": 51}
{"exchange": "mock", "pair": "BTC-USDT", "timestamp_ms": 1754257929676, "side": "ask", "price": 50226.26979133899, "quantity": -3.5342054827863922, "capture_latency_ms": 0.7131099700927734, "sequence_number": 51}
{"exchange": "mock", "pair": "BTC-USDT", "timestamp_ms": 1754257929676, "side": "ask", "price": 50231.27589816559, "quantity": -0.7134063996645454, "capture_latency_ms": 0.7131099700927734, "sequence_number": 51}
{"exchange": "mock", "pair": "BTC-USDT", "timestamp_ms": 1754257929676, "side": "ask", "price": 50236.2820049922, "quantity": -5.9991554749634, "capture_latency_ms": 0.7131099700927734, "sequence_number": 51}
{"exchange": "mock", "pair": "BTC-USDT", "timestamp_ms": 1754257929676, "side": "ask", "price": 50241.28811181881, "quantity": -5.891938078052089, "capture_latency_ms": 0.7131099700927734, "sequence_number": 51}
{"exchange": "mock", "pair": "BTC-USDT", "timestamp_ms": 1754257929676, "side": "ask", "price": 50246.29421864542, "quantity": -0.22456126805728827, "capture_latency_ms": 0.7131099700927734, "sequence_number": 51}
{"exchange": "mock", "pair": "BTC-USDT", "timestamp_ms": 1754257929676, "side": "ask", "price": 50251.300325472024, "quantity": -1.0792551671759463, "capture_latency_ms": 0.7131099700927734, "sequence_number": 51}
{"exchange": "mock", "pair": "BTC-USDT", "timestamp_ms": 1754257929676, "side": "ask", "price": 50256.306432298625, "quantity": -8.779566070966476, "capture_latency_ms": 0.7131099700927734, "sequence_number": 51}
{"exchange": "mock", "pair": "BTC-USDT", "timestamp_ms": 1754257929676, "side": "ask", "price": 50261.31253912523, "quantity": -4.32852054064804, "capture_latency_ms": 0.7131099700927734, "sequence_number": 51}
{"exchange": "mock", "pair": "BTC-USDT", "timestamp_ms": 1754257929676, "side": "ask", "price": 50266.31864595184, "quantity": -3.255778515355365, "capture_latency_ms": 0.7131099700927734, "sequence_number": 51}
{"exchange": "mock", "pair": "BTC-USDT", "timestamp_ms": 1754257929676, "side": "ask", "price": 50271.32475277845, "quantity": -2.4348730308478315, "capture_latency_ms": 0.7131099700927734, "sequence_number": 51}
{"exchange": "mock", "pair": "BTC-USDT", "timestamp_ms": 1754257929676, "side": "ask", "price": 50276.33085960505, "quantity": -6.635700294138486, "capture_latency_ms": 0.7131099700927734, "sequence_number": 51}
{"exchange": "mock", "pair": "BTC-USDT", "timestamp_ms": 1754257929676, "side": "ask", "price": 50281.336966431656, "quantity": -3.474796301466845, "capture_latency_ms": 0.7131099700927734, "sequence_number": 51}
{"exchange": "mock", "pair": "BTC-USDT", "timestamp_ms": 1754257929676, "side": "ask", "price": 50286.343073258264, "quantity": -0.23121566205323438, "capture_latency_ms": 0.7131099700927734, "sequence_number": 51}
{"exchange": "mock", "pair": "BTC-USDT", "timestamp_ms": 1754257929676, "side": "ask", "price": 50291.34918008487, "quantity": -12.109859986453198, "capture_latency_ms": 0.7131099700927734, "sequence_number": 51}
{"exchange": "mock", "pair": "BTC-USDT", "timestamp_ms": 1754257929676, "side": "ask", "price": 50296.35528691148, "quantity": -4.536875049583359, "capture_latency_ms": 0.7131099700927734, "sequence_number": 51}
{"exchange": "mock", "pair": "BTC-USDT", "timestamp_ms": 1754257929676, "side": "ask", "price": 50301.36139373808, "quantity": -13.857825668705601, "capture_latency_ms": 0.7131099700927734, "sequence_number": 51}
{"exchange": "mock", "pair": "BTC-USDT", "timestamp_ms": 1754257929676, "side": "ask", "price": 50306.36750056469, "quantity": -0.2355041931678243, "capture_latency_ms": 0.7131099700927734, "sequence_number": 51}
{"exchange": "mock", "pair": "BTC-USDT", "timestamp_ms": 1754257929676, "side": "ask", "price": 50311.373607391295, "quantity": -13.352325382677574, "capture_latency_ms": 0.7131099700927734, "sequence_number": 51}
{"exchange": "mock", "pair": "BTC-USDT", "timestamp_ms": 1754257929676, "side": "ask", "price": 50316.3797142179, "quantity": -11.527116948224254, "capture_latency_ms": 0.7131099700927734, "sequence_number": 51}
{"exchange": "mock", "pair": "BTC-USDT", "timestamp_ms": 1754257929676, "side": "ask", "price": 50321.3858210445, "quantity": -12.020158916730551, "capture_latency_ms": 0.7131099700927734, "sequence_number": 51}
{"exchange": "mock", "pair": "BTC-USDT", "timestamp_ms": 1754257929676, "side": "ask", "price": 50326.39192787111, "quantity": -5.955724468163367, "capture_latency_ms": 0.7131099700927734, "sequence_number": 51}
{"exchange": "mock", "pair": "BTC-USDT", "timestamp_ms": 1754257929676, "side": "ask", "price": 50331.39803469772, "quantity": -15.570522110812846, "capture_latency_ms": 0.7131099700927734, "sequence_number": 51}
{"exchange": "mock", "pair": "BTC-USDT", "timestamp_ms": 1754257929676, "side": "ask", "price": 50336.40414152433, "quantity": -13.78713226521299, "capture_latency_ms": 0.7131099700927734, "sequence_number": 51}
{"exchange": "mock", "pair": "BTC-USDT", "timestamp_ms": 1754257929676, "side": "ask", "price": 50341.410248350934, "quantity": -4.84351014899992, "capture_latency_ms": 0.7131099700927734, "sequence_number": 51}
{"exchange": "mock", "pair": "BTC-USDT", "timestamp_ms": 1754257929676, "side": "ask", "price": 50346.416355177535, "quantity": -18.2468135188833, "capture_latency_ms": 0.7131099700927734, "sequence_number": 51}
{"exchange": "mock", "pair": "BTC-USDT", "timestamp_ms": 1754257929676, "side": "ask", "price": 50351.42246200414, "quantity": -15.414124444553838, "capture_latency_ms": 0.7131099700927734, "sequence_number": 51}
{"exchange": "mock", "pair": "BTC-USDT", "timestamp_ms": 1754257929676, "side": "ask", "price": 50356.42856883075, "quantity": -5.783677045985444, "capture_latency_ms": 0.7131099700927734, "sequence_number": 51}
{"exchange": "mock", "pair": "BTC-USDT", "timestamp_ms": 1754257929676, "side": "ask", "price": 50361.43467565736, "quantity": -14.922408423807532, "capture_latency_ms": 0.7131099700927734, "sequence_number": 51}
{"exchange": "mock", "pair": "BTC-USDT", "timestamp_ms": 1754257929676, "side": "ask", "price": 50366.44078248396, "quantity": -10.70688369619638, "capture_latency_ms": 0.7131099700927734, "sequence_number": 51}
{"exchange": "mock", "pair": "BTC-USDT", "timestamp_ms": 1754257929676, "side": "ask", "price": 50371.446889310566, "quantity": -9.74187698030869, "capture_latency_ms": 0.7131099700927734, "sequence_number": 51}
{"exchange": "mock", "pair": "BTC-USDT", "timestamp_ms": 1754257929676, "side": "ask", "price": 50376.45299613717, "quantity": -13.059368971380653, "capture_latency_ms": 0.7131099700927734, "sequence_number": 51}
{"exchange": "mock", "pair": "BTC-USDT", "timestamp_ms": 1754257929676, "side": "ask", "price": 50381.45910296378, "quantity": -13.491149835163668, "capture_latency_ms": 0.7131099700927734, "sequence_number": 51}
{"exchange": "mock", "pair": "BTC-USDT", "timestamp_ms": 1754257929676, "side": "ask", "price": 50386.46520979039, "quantity": -2.747347651617634, "capture_latency_ms": 0.7131099700927734, "sequence_number": 51}
{"exchange": "mock", "pair": "BTC-USDT", "timestamp_ms": 1754257929676, "side": "ask", "price": 50391.47131661699, "quantity": -21.264546897061877, "capture_latency_ms": 0.7131099700927734, "sequence_number": 51}
{"exchange": "mock", "pair": "BTC-USDT", "timestamp_ms": 1754257929676, "side": "ask", "price": 50396.4774234436, "quantity": -3.423776294920721, "capture_latency_ms": 0.7131099700927734, "sequence_number": 51}
{"exchange": "mock", "pair": "BTC-USDT", "timestamp_ms": 1754257929676, "side": "ask", "price": 50401.483530270205, "quantity": -1.4621233753700071, "capture_latency_ms": 0.7131099700927734, "sequence_number": 51}
{"exchange": "mock", "pair": "BTC-USDT", "timestamp_ms": 1754257929676, "side": "ask", "price": 50406.48963709681, "quantity": -21.21614930151268, "capture_latency_ms": 0.7131099700927734, "sequence_number": 51}
{"exchange": "mock", "pair": "BTC-USDT", "timestamp_ms": 1754257929676, "side": "ask", "price": 50411.49574392341, "quantity": -19.99916188355246, "capture_latency_ms": 0.7131099700927734, "sequence_number": 51}
{"exchange": "mock", "pair": "BTC-USDT", "timestamp_ms": 1754257929676, "side": "ask", "price": 50416.50185075002, "quantity": -13.335104630906518, "capture_latency_ms": 0.7131099700927734, "sequence_number": 51}
{"exchange": "mock", "pair": "BTC-USDT", "timestamp_ms": 1754257929676, "side": "ask", "price": 50421.50795757663, "quantity": -14.260805087161856, "capture_latency_ms": 0.7131099700927734, "sequence_number": 51}
{"exchange": "mock", "pair": "BTC-USDT", "timestamp_ms": 1754257929676, "side": "ask", "price": 50426.514064403236, "quantity": -3.568082197062298, "capture_latency_ms": 0.7131099700927734, "sequence_number": 51}
{"exchange": "mock", "pair": "BTC-USDT", "timestamp_ms": 1754257929676, "side": "ask", "price": 50431.520171229844, "quantity": -6.332828541717822, "capture_latency_ms": 0.7131099700927734, "sequence_number": 51}
{"exchange": "mock", "pair": "BTC-USDT", "timestamp_ms": 1754257929676, "side": "ask", "price": 50436.526278056444, "quantity": -17.157876794954493, "capture_latency_ms": 0.7131099700927734, "sequence_number": 51}
{"exchange": "mock", "pair": "BTC-USDT", "timestamp_ms": 1754257929676, "side": "ask", "price": 50441.53238488305, "quantity": -1.0583697471030107, "capture_latency_ms": 0.7131099700927734, "sequence_number": 51}
{"exchange": "mock", "pair": "BTC-USDT", "timestamp_ms": 1754257929676, "side": "ask", "price": 50446.53849170966, "quantity": -5.56800338663246, "capture_latency_ms": 0.7131099700927734, "sequence_number": 51}
{"exchange": "mock", "pair": "BTC-USDT", "timestamp_ms": 1754257929676, "side": "ask", "price": 50451.54459853627, "quantity": -23.90287064728364, "capture_latency_ms": 0.7131099700927734, "sequence_number": 51}
{"exchange": "mock", "pair": "BTC-USDT", "timestamp_ms": 1754257929676, "side": "ask", "price": 50456.55070536287, "quantity": -3.7150357092654787, "capture_latency_ms": 0.7131099700927734, "sequence_number": 51}
{"exchange": "mock", "pair": "BTC-USDT", "timestamp_ms": 1754257929676, "side": "ask", "price": 50461.556812189476, "quantity": -25.745650515043657, "capture_latency_ms": 0.7131099700927734, "sequence_number": 51}
{"exchange": "mock", "pair": "BTC-USDT", "timestamp_ms": 1754257929676, "side": "ask", "price": 50466.56291901608, "quantity": -16.116106632300117, "capture_latency_ms": 0.7131099700927734, "sequence_number": 51}
{"exchange": "mock", "pair": "BTC-USDT", "timestamp_ms": 1754257929676, "side": "ask", "price": 50471.56902584269, "quantity": -4.762157337110084, "capture_latency_ms": 0.7131099700927734, "sequence_number": 51}
{"exchange": "mock", "pair": "BTC-USDT", "timestamp_ms": 1754257929676, "side": "ask", "price": 50476.5751326693, "quantity": -15.103543987614794, "capture_latency_ms": 0.7131099700927734, "sequence_number": 51}
{"exchange": "mock", "pair": "BTC-USDT", "timestamp_ms": 1754257929676, "side": "ask", "price": 50481.5812394959, "quantity": -5.15879983376833, "capture_latency_ms": 0.7131099700927734, "sequence_number": 51}
{"exchange": "mock", "pair": "BTC-USDT", "timestamp_ms": 1754257929676, "side": "ask", "price": 50486.58734632251, "quantity": -2.7818399747286824, "capture_latency_ms": 0.7131099700927734, "sequence_number": 51}
{"exchange": "mock", "pair": "BTC-USDT", "timestamp_ms": 1754257929676, "side": "ask", "price": 50491.593453149115, "quantity": -19.973989460045836, "capture_latency_ms": 0.7131099700927734, "sequence_number": 51}
{"exchange": "mock", "pair": "BTC-USDT", "timestamp_ms": 1754257929676, "side": "ask", "price": 50496.59955997572, "quantity": -9.524701586958232, "capture_latency_ms": 0.7131099700927734, "sequence_number": 51}
{"exchange": "mock", "pair": "BTC-USDT", "timestamp_ms": 1754257929676, "side": "ask", "price": 50501.60566680232, "quantity": -23.250685721947757, "capture_latency_ms": 0.7131099700927734, "sequence_number": 51}
{"exchange": "mock", "pair": "BTC-USDT", "timestamp_ms": 1754257929676, "side": "ask", "price": 50506.61177362893, "quantity": -28.681716704474812, "capture_latency_ms": 0.7131099700927734, "sequence_number": 51}
{"exchange": "mock", "pair": "BTC-USDT", "timestamp_ms": 1754257929676, "side": "ask", "price": 50511.61788045554, "quantity": -10.86077526897445, "capture_latency_ms": 0.7131099700927734, "sequence_number": 51}
{"exchange": "mock", "pair": "BTC-USDT", "timestamp_ms": 1754257929676, "side": "ask", "price": 50516.623987282146, "quantity": -21.636211772924657, "capture_latency_ms": 0.7131099700927734, "sequence_number": 51}
{"exchange": "mock", "pair": "BTC-USDT", "timestamp_ms": 1754257929676, "side": "ask", "price": 50521.630094108754, "quantity": -32.27708042617809, "capture_latency_ms": 0.7131099700927734, "sequence_number": 51}
{"exchange": "mock", "pair": "BTC-USDT", "timestamp_ms": 1754257929676, "side": "ask", "price": 50526.636200935354, "quantity": -18.029218733581864, "capture_latency_ms": 0.7131099700927734, "sequence_number": 51}
{"exchange": "mock", "pair": "BTC-USDT", "timestamp_ms": 1754257929676, "side": "ask", "price": 50531.64230776196, "quantity": -26.37987504430181, "capture_latency_ms": 0.7131099700927734, "sequence_number": 51}
{"exchange": "mock", "pair": "BTC-USDT", "timestamp_ms": 1754257929676, "side": "ask", "price": 50536.64841458857, "quantity": -21.50304169014094, "capture_latency_ms": 0.7131099700927734, "sequence_number": 51}
{"exchange": "mock", "pair": "BTC-USDT", "timestamp_ms": 1754257929676, "side": "ask", "price": 50541.65452141518, "quantity": -23.732948055228125, "capture_latency_ms": 0.7131099700927734, "sequence_number": 51}
{"exchange": "mock", "pair": "BTC-USDT", "timestamp_ms": 1754257929676, "side": "ask", "price": 50546.66062824178, "quantity": -36.16724879770422, "capture_latency_ms": 0.7131099700927734, "sequence_number": 51}
{"exchange": "mock", "pair": "BTC-USDT", "timestamp_ms": 1754257929676, "side": "ask", "price": 50551.666735068386, "quantity": -28.178836942227303, "capture_latency_ms": 0.7131099700927734, "sequence_number": 51}
{"exchange": "mock", "pair": "BTC-USDT", "timestamp_ms": 1754257929676, "side": "ask", "price": 50556.67284189499, "quantity": -8.726753833362563, "capture_latency_ms": 0.7131099700927734, "sequence_number": 51}
{"exchange": "mock", "pair": "ETH-USDT", "timestamp_ms": 1754257929677, "side": "bid", "price": 2992.2166031689376, "quantity": 0.8621443101996099, "capture_latency_ms": 1.486063003540039, "sequence_number": 51}
{"exchange": "mock", "pair": "ETH-USDT", "timestamp_ms": 1754257929677, "side": "bid", "price": 2991.9173815086206, "quantity": 5.57380552161396, "capture_latency_ms": 1.486063003540039, "sequence_number": 51}
{"exchange": "mock", "pair": "ETH-USDT", "timestamp_ms": 1754257929677, "side": "bid", "price": 2991.618159848304, "quantity": 0.2491868382298785, "capture_latency_ms": 1.486063003540039, "sequence_number": 51}
{"exchange": "mock", "pair": "ETH-USDT", "timestamp_ms": 1754257929677, "side": "bid", "price": 2991.318938187987, "quantity": 12.034618568083074, "capture_latency_ms": 1.486063003540039, "sequence_number": 51}
{"exchange": "mock", "pair": "ETH-USDT", "timestamp_ms": 1754257929677, "side": "bid", "price": 2991.01971652767, "quantity": 11.010631196033213, "capture_latency_ms": 1.486063003540039, "sequence_number": 51}
{"exchange": "mock", "pair": "ETH-USDT", "timestamp_ms": 1754257929677, "side": "bid", "price": 2990.720494867353, "quantity": 6.997447381683388, "capture_latency_ms": 1.486063003540039, "sequence_number": 51}
{"exchange": "mock", "pair": "ETH-USDT", "timestamp_ms": 1754257929677, "side": "bid", "price": 2990.4212732070364, "quantity": 5.297889628534154, "capture_latency_ms": 1.486063003540039, "sequence_number": 51}
{"exchange": "mock", "pair": "ETH-USDT", "timestamp_ms": 1754257929677, "side": "bid", "price": 2990.1220515467194, "quantity": 14.852282431240141, "capture_latency_ms": 1.486063003540039, "sequence_number": 51}
{"exchange": "mock", "pair": "ETH-USDT", "timestamp_ms": 1754257929677, "side": "bid", "price": 2989.8228298864024, "quantity": 3.3819579676703078, "capture_latency_ms": 1.486063003540039, "sequence_number": 51}
{"exchange": "mock", "pair": "ETH-USDT", "timestamp_ms": 1754257929677, "side": "bid", "price": 2989.5236082260853, "quantity": 6.561983044169011, "capture_latency_ms": 1.486063003540039, "sequence_number": 51}
{"exchange": "mock", "pair": "ETH-USDT", "timestamp_ms": 1754257929677, "side": "bid", "price": 2989.224386565769, "quantity": 15.530597739651391, "capture_latency_ms": 1.486063003540039, "sequence_number": 51}
{"exchange": "mock", "pair": "ETH-USDT", "timestamp_ms": 1754257929677, "side": "bid", "price": 2988.9251649054518, "quantity": 20.027502715385896, "capture_latency_ms": 1.486063003540039, "sequence_number": 51}
{"exchange": "mock", "pair": "ETH-USDT", "timestamp_ms": 1754257929677, "side": "bid", "price": 2988.6259432451347, "quantity": 3.5121933164810923, "capture_latency_ms": 1.486063003540039, "sequence_number": 51}
{"exchange": "mock", "pair": "ETH-USDT", "timestamp_ms": 1754257929677, "side": "bid", "price": 2988.326721584818, "quantity": 14.446949241141587, "capture_latency_ms": 1.486063003540039, "sequence_number": 51}
{"exchange": "mock", "pair": "ETH-USDT", "timestamp_ms": 1754257929677, "side": "bid", "price": 2988.027499924501, "quantity": 3.0659151457815628, "capture_latency_ms": 1.486063003540039, "sequence_number": 51}
{"exchange": "mock", "pair": "ETH-USDT", "timestamp_ms": 1754257929677, "side": "bid", "price": 2987.728278264184, "quantity": 19.892334189708475, "capture_latency_ms": 1.486063003540039, "sequence_number": 51}
{"exchange": "mock", "pair": "ETH-USDT", "timestamp_ms": 1754257929677, "side": "bid", "price": 2987.429056603867, "quantity": 2.181020917153095, "capture_latency_ms": 1.486063003540039, "sequence_number": 51}
{"exchange": "mock", "pair": "ETH-USDT", "timestamp_ms": 1754257929677, "side": "bid", "price": 2987.1298349435506, "quantity": 13.479588232485186, "capture_latency_ms": 1.486063003540039, "sequence_number": 51}
{"exchange": "mock", "pair": "ETH-USDT", "timestamp_ms": 1754257929677, "side": "bid", "price": 2986.8306132832336, "quantity": 14.943915419299845, "capture_latency_ms": 1.486063003540039, "sequence_number": 51}
{"exchange": "mock", "pair": "ETH-USDT", "timestamp_ms": 1754257929677, "side": "bid", "price": 2986.5313916229165, "quantity": 17.655395768017616, "capture_latency_ms": 1.486063003540039, "sequence_number": 51}
{"exchange": "mock", "pair": "ETH-USDT", "timestamp_ms": 1754257929677, "side": "bid", "price": 2986.2321699625995, "quantity": 9.561008246694012, "capture_latency_ms": 1.486063003540039, "sequence_number": 51}
{"exchange": "mock", "pair": "ETH-USDT", "timestamp_ms": 1754257929677, "side": "bid", "price": 2985.932948302283, "quantity": 10.255522233325381, "capture_latency_ms": 1.486063003540039, "sequence_number": 51}
{"exchange": "mock", "pair": "ETH-USDT", "timestamp_ms": 1754257929677, "side": "bid", "price": 2985.633726641966, "quantity": 25.437344539987222, "capture_latency_ms": 1.486063003540039, "sequence_number": 51}
{"exchange": "mock", "pair": "ETH-USDT", "timestamp_ms": 1754257929677, "side": "bid", "price": 2985.334504981649, "quantity": 5.9599497302054445, "capture_latency_ms": 1.486063003540039, "sequence_number": 51}
{"exchange": "mock", "pair": "ETH-USDT", "timestamp_ms": 1754257929677, "side": "bid", "price": 2985.035283321332, "quantity": 31.635828568520242, "capture_latency_ms": 1.486063003540039, "sequence_number": 51}
{"exchange": "mock", "pair": "ETH-USDT", "timestamp_ms": 1754257929677, "side": "bid", "price": 2984.7360616610154, "quantity": 21.28000341932023, "capture_latency_ms": 1.486063003540039, "sequence_number": 51}
{"exchange": "mock", "pair": "ETH-USDT", "timestamp_ms": 1754257929677, "side": "bid", "price": 2984.4368400006983, "quantity": 12.690127792254499, "capture_latency_ms": 1.486063003540039, "sequence_number": 51}
{"exchange": "mock", "pair": "ETH-USDT", "timestamp_ms": 1754257929677, "side": "bid", "price": 2984.1376183403813, "quantity": 19.527946251847684, "capture_latency_ms": 1.486063003540039, "sequence_number": 51}
{"exchange": "mock", "pair": "ETH-USDT", "timestamp_ms": 1754257929677, "side": "bid", "price": 2983.8383966800648, "quantity": 21.736325632448242, "capture_latency_ms": 1.486063003540039, "sequence_number": 51}
{"exchange": "mock", "pair": "ETH-USDT", "timestamp_ms": 1754257929677, "side": "bid", "price": 2983.5391750197477, "quantity": 28.33899855855781, "capture_latency_ms": 1.486063003540039, "sequence_number": 51}
{"exchange": "mock", "pair": "ETH-USDT", "timestamp_ms": 1754257929677, "side": "bid", "price": 2983.2399533594307, "quantity": 14.419618929316254, "capture_latency_ms": 1.486063003540039, "sequence_number": 51}
{"exchange": "mock", "pair": "ETH-USDT", "timestamp_ms": 1754257929677, "side": "bid", "price": 2982.9407316991137, "quantity": 9.324543873972969, "capture_latency_ms": 1.486063003540039, "sequence_number": 51}
{"exchange": "mock", "pair": "ETH-USDT", "timestamp_ms": 1754257929677, "side": "bid", "price": 2982.641510038797, "quantity": 16.272357128657255, "capture_latency_ms": 1.486063003540039, "sequence_number": 51}
{"exchange": "mock", "pair": "ETH-USDT", "timestamp_ms": 1754257929677, "side": "bid", "price": 2982.34228837848, "quantity": 38.986127628589195, "capture_latency_ms": 1.486063003540039, "sequence_number": 51}
{"exchange": "mock", "pair": "ETH-USDT", "timestamp_ms": 1754257929677, "side": "bid", "price": 2982.043066718163, "quantity": 30.42149773547093, "capture_latency_ms": 1.486063003540039, "sequence_number": 51}
{"exchange": "mock", "pair": "ETH-USDT", "timestamp_ms": 1754257929677, "side": "bid", "price": 2981.743845057846, "quantity": 4.431367347002993, "capture_latency_ms": 1.486063003540039, "sequence_number": 51}
{"exchange": "mock", "pair": "ETH-USDT", "timestamp_ms": 1754257929677, "side": "bid", "price": 2981.4446233975295, "quantity": 17.091501697786057, "capture_latency_ms": 1.486063003540039, "sequence_number": 51}
{"exchange": "mock", "pair": "ETH-USDT", "timestamp_ms": 1754257929677, "side": "bid", "price": 2981.1454017372125, "quantity": 4.043117995152517, "capture_latency_ms": 1.486063003540039, "sequence_number": 51}
{"exchange": "mock", "pair": "ETH-USDT", "timestamp_ms": 1754257929677, "side": "bid", "price": 2980.8461800768955, "quantity": 30.438477981428193, "capture_latency_ms": 1.486063003540039, "sequence_number": 51}
{"exchange": "mock", "pair": "ETH-USDT", "timestamp_ms": 1754257929677, "side": "bid", "price": 2980.546958416579, "quantity": 12.68907222539487, "capture_latency_ms": 1.486063003540039, "sequence_number": 51}
{"exchange": "mock", "pair": "ETH-USDT", "timestamp_ms": 1754257929677, "side": "bid", "price": 2980.247736756262, "quantity": 31.876928114100668, "capture_latency_ms": 1.486063003540039, "sequence_number": 51}
{"exchange": "mock", "pair": "ETH-USDT", "timestamp_ms": 1754257929677, "side": "bid", "price": 2979.948515095945, "quantity": 10.447792046123071, "capture_latency_ms": 1.486063003540039, "sequence_number": 51}
{"exchange": "mock", "pair": "ETH-USDT", "timestamp_ms": 1754257929677, "side": "bid", "price": 2979.649293435628, "quantity": 18.368503319648127, "capture_latency_ms": 1.486063003540039, "sequence_number": 51}
{"exchange": "mock", "pair": "ETH-USDT", "timestamp_ms": 1754257929677, "side": "bid", "price": 2979.3500717753113, "quantity": 34.14994857341744, "capture_latency_ms": 1.486063003540039, "sequence_number": 51}
{"exchange": "mock", "pair": "ETH-USDT", "timestamp_ms": 1754257929677, "side": "bid", "price": 2979.0508501149943, "quantity": 25.27678548470535, "capture_latency_ms": 1.486063003540039, "sequence_number": 51}
{"exchange": "mock", "pair": "ETH-USDT", "timestamp_ms": 1754257929677, "side": "bid", "price": 2978.7516284546773, "quantity": 12.081462019289825, "capture_latency_ms": 1.486063003540039, "sequence_number": 51}
{"exchange": "mock", "pair": "ETH-USDT", "timestamp_ms": 1754257929677, "side": "bid", "price": 2978.4524067943603, "quantity": 37.861167257401625, "capture_latency_ms": 1.486063003540039, "sequence_number": 51}
{"exchange": "mock", "pair": "ETH-USDT", "timestamp_ms": 1754257929677, "side": "bid", "price": 2978.1531851340437, "quantity": 40.787815691405946, "capture_latency_ms": 1.486063003540039, "sequence_number": 51}
{"exchange": "mock", "pair": "ETH-USDT", "timestamp_ms": 1754257929677, "side": "bid", "price": 2977.8539634737267, "quantity": 9.438420857540661, "capture_latency_ms": 1.486063003540039, "sequence_number": 51}
{"exchange": "mock", "pair": "ETH-USDT", "timestamp_ms": 1754257929677, "side": "bid", "price": 2977.5547418134097, "quantity": 9.80831793712975, "capture_latency_ms": 1.486063003540039, "sequence_number": 51}
{"exchange": "mock", "pair": "ETH-USDT", "timestamp_ms": 1754257929677, "side": "bid", "price": 2977.2555201530927, "quantity": 7.854508246440183, "capture_latency_ms": 1.486063003540039, "sequence_number": 51}
{"exchange": "mock", "pair": "ETH-USDT", "timestamp_ms": 1754257929677, "side": "bid", "price": 2976.956298492776, "quantity": 45.715321009732406, "capture_latency_ms": 1.486063003540039, "sequence_number": 51}
{"exchange": "mock", "pair": "ETH-USDT", "timestamp_ms": 1754257929677, "side": "bid", "price": 2976.657076832459, "quantity": 53.00344351157976, "capture_latency_ms": 1.486063003540039, "sequence_number": 51}
{"exchange": "mock", "pair": "ETH-USDT", "timestamp_ms": 1754257929677, "side": "bid", "price": 2976.357855172142, "quantity": 24.957911313769035, "capture_latency_ms": 1.486063003540039, "sequence_number": 51}
{"exchange": "mock", "pair": "ETH-USDT", "timestamp_ms": 1754257929677, "side": "bid", "price": 2976.0586335118255, "quantity": 45.391652307687764, "capture_latency_ms": 1.486063003540039, "sequence_number": 51}
{"exchange": "mock", "pair": "ETH-USDT", "timestamp_ms": 1754257929677, "side": "bid", "price": 2975.7594118515085, "quantity": 45.15770944460316, "capture_latency_ms": 1.486063003540039, "sequence_number": 51}
{"exchange": "mock", "pair": "ETH-USDT", "timestamp_ms": 1754257929677, "side": "bid", "price": 2975.4601901911915, "quantity": 31.0419381567062, "capture_latency_ms": 1.486063003540039, "sequence_number": 51}
{"exchange": "mock", "pair": "ETH-USDT", "timestamp_ms": 1754257929677, "side": "bid", "price": 2975.1609685308745, "quantity": 60.924047236172825, "capture_latency_ms": 1.486063003540039, "sequence_number": 51}
{"exchange": "mock", "pair": "ETH-USDT", "timestamp_ms": 1754257929677, "side": "bid", "price": 2974.861746870558, "quantity": 35.56065862872612, "capture_latency_ms": 1.486063003540039, "sequence_number": 51}
{"exchange": "mock", "pair": "ETH-USDT", "timestamp_ms": 1754257929677, "side": "bid", "price": 2974.562525210241, "quantity": 3.434804099969833, "capture_latency_ms": 1.486063003540039, "sequence_number": 51}
{"exchange": "mock", "pair": "ETH-USDT", "timestamp_ms": 1754257929677, "side": "bid", "price": 2974.263303549924, "quantity": 59.40663038243263, "capture_latency_ms": 1.486063003540039, "sequence_number": 51}
{"exchange": "mock", "pair": "ETH-USDT", "timestamp_ms": 1754257929677, "side": "bid", "price": 2973.964081889607, "quantity": 16.148990749391192, "capture_latency_ms": 1.486063003540039, "sequence_number": 51}
{"exchange": "mock", "pair": "ETH-USDT", "timestamp_ms": 1754257929677, "side": "bid", "price": 2973.6648602292903, "quantity": 60.57361569748756, "capture_latency_ms": 1.486063003540039, "sequence_number": 51}
{"exchange": "mock", "pair": "ETH-USDT", "timestamp_ms": 1754257929677, "side": "bid", "price": 2973.3656385689733, "quantity": 43.04411823858849, "capture_latency_ms": 1.486063003540039, "sequence_number": 51}
{"exchange": "mock", "pair": "ETH-USDT", "timestamp_ms": 1754257929677, "side": "bid", "price": 2973.0664169086563, "quantity": 10.3251785213434, "capture_latency_ms": 1.486063003540039, "sequence_number": 51}
{"exchange": "mock", "pair": "ETH-USDT", "timestamp_ms": 1754257929677, "side": "bid", "price": 2972.7671952483397, "quantity": 7.436405892106799, "capture_latency_ms": 1.486063003540039, "sequence_number": 51}
{"exchange": "mock", "pair": "ETH-USDT", "timestamp_ms": 1754257929677, "side": "bid", "price": 2972.4679735880227, "quantity": 25.55577470233554, "capture_latency_ms": 1.486063003540039, "sequence_number": 51}
{"exchange": "mock", "pair": "ETH-USDT", "timestamp_ms": 1754257929677, "side": "bid", "price": 2972.1687519277057, "quantity": 63.99356903775871, "capture_latency_ms": 1.486063003540039, "sequence_number": 51}
{"exchange": "mock", "pair": "ETH-USDT", "timestamp_ms": 1754257929677, "side": "bid", "price": 2971.8695302673887, "quantity": 3.5163250440183633, "capture_latency_ms": 1.486063003540039, "sequence_number": 51}
{"exchange": "mock", "pair": "ETH-USDT", "timestamp_ms": 1754257929677, "side": "bid", "price": 2971.570308607072, "quantity": 2.3196955975616396, "capture_latency_ms": 1.486063003540039, "sequence_number": 51}
{"exchange": "mock", "pair": "ETH-USDT", "timestamp_ms": 1754257929677, "side": "bid", "price": 2971.271086946755, "quantity": 76.67298779299314, "capture_latency_ms": 1.486063003540039, "sequence_number": 51}
{"exchange": "mock", "pair": "ETH-USDT", "timestamp_ms": 1754257929677, "side": "bid", "price": 2970.971865286438, "quantity": 43.28790175972468, "capture_latency_ms": 1.486063003540039, "sequence_number": 51}
{"exchange": "mock", "pair": "ETH-USDT", "timestamp_ms": 1754257929677, "side": "bid", "price": 2970.672643626121, "quantity": 58.318814529032615, "capture_latency_ms": 1.486063003540039, "sequence_number": 51}
{"exchange": "mock", "pair": "ETH-USDT", "timestamp_ms": 1754257929677, "side": "bid", "price": 2970.3734219658045, "quantity": 46.82821142595966, "capture_latency_ms": 1.486063003540039, "sequence_number": 51}
{"exchange": "mock", "pair": "ETH-USDT", "timestamp_ms": 1754257929677, "side": "bid", "price": 2970.0742003054875, "quantity": 30.949811064630072, "capture_latency_ms": 1.486063003540039, "sequence_number": 51}
{"exchange": "mock", "pair": "ETH-USDT", "timestamp_ms": 1754257929677, "side": "bid", "price": 2969.7749786451704, "quantity": 76.13843327127721, "capture_latency_ms": 1.486063003540039, "sequence_number": 51}
{"exchange": "mock", "pair": "ETH-USDT", "timestamp_ms": 1754257929677, "side": "bid", "price": 2969.4757569848534, "quantity": 3.36456654477826, "capture_latency_ms": 1.486063003540039, "sequence_number": 51}
{"exchange": "mock", "pair": "ETH-USDT", "timestamp_ms": 1754257929677, "side": "bid", "price": 2969.176535324537, "quantity": 2.878498091350637, "capture_latency_ms": 1.486063003540039, "sequence_number": 51}
{"exchange": "mock", "pair": "ETH-USDT", "timestamp_ms": 1754257929677, "side": "bid", "price": 2968.87731366422, "quantity": 79.53080306008209, "capture_latency_ms": 1.486063003540039, "sequence_number": 51}
{"exchange": "mock", "pair": "ETH-USDT", "timestamp_ms": 1754257929677, "side": "bid", "price": 2968.578092003903, "quantity": 66.20436243126268, "capture_latency_ms": 1.486063003540039, "sequence_number": 51}
{"exchange": "mock", "pair": "ETH-USDT", "timestamp_ms": 1754257929677, "side": "bid", "price": 2968.2788703435863, "quantity": 62.224367601575395, "capture_latency_ms": 1.486063003540039, "sequence_number": 51}
{"exchange": "mock", "pair": "ETH-USDT", "timestamp_ms": 1754257929677, "side": "bid", "price": 2967.9796486832693, "quantity": 21.227520298897314, "capture_latency_ms": 1.486063003540039, "sequence_number": 51}
{"exchange": "mock", "pair": "ETH-USDT", "timestamp_ms": 1754257929677, "side": "bid", "price": 2967.6804270229522, "quantity": 31.5908839244889, "capture_latency_ms": 1.486063003540039, "sequence_number": 51}
{"exchange": "mock", "pair": "ETH-USDT", "timestamp_ms": 1754257929677, "side": "bid", "price": 2967.3812053626352, "quantity": 91.87410378195898, "capture_latency_ms": 1.486063003540039, "sequence_number": 51}
{"exchange": "mock", "pair": "ETH-USDT", "timestamp_ms": 1754257929677, "side": "bid", "price": 2967.0819837023187, "quantity": 88.7296125303739, "capture_latency_ms": 1.486063003540039, "sequence_number": 51}
{"exchange": "mock", "pair": "ETH-USDT", "timestamp_ms": 1754257929677, "side": "bid", "price": 2966.7827620420017, "quantity": 40.29334895363515, "capture_latency_ms": 1.486063003540039, "sequence_number": 51}
{"exchange": "mock", "pair": "ETH-USDT", "timestamp_ms": 1754257929677, "side": "bid", "price": 2966.4835403816846, "quantity": 94.41440703836965, "capture_latency_ms": 1.486063003540039, "sequence_number": 51}
{"exchange": "mock", "pair": "ETH-USDT", "timestamp_ms": 1754257929677, "side": "bid", "price": 2966.1843187213676, "quantity": 2.5714008508106625, "capture_latency_ms": 1.486063003540039, "sequence_number": 51}
{"exchange": "mock", "pair": "ETH-USDT", "timestamp_ms": 1754257929677, "side": "bid", "price": 2965.885097061051, "quantity": 57.7417153247147, "capture_latency_ms": 1.486063003540039, "sequence_number": 51}
{"exchange": "mock", "pair": "ETH-USDT", "timestamp_ms": 1754257929677, "side": "bid", "price": 2965.585875400734, "quantity": 16.30805384611644, "capture_latency_ms": 1.486063003540039, "sequence_number": 51}
{"exchange": "mock", "pair": "ETH-USDT", "timestamp_ms": 1754257929677, "side": "bid", "price": 2965.286653740417, "quantity": 22.823850183823385, "capture_latency_ms": 1.486063003540039, "sequence_number": 51}
{"exchange": "mock", "pair": "ETH-USDT", "timestamp_ms": 1754257929677, "side": "bid", "price": 2964.9874320801005, "quantity": 57.16562861290474, "capture_latency_ms": 1.486063003540039, "sequence_number": 51}
{"exchange": "mock", "pair": "ETH-USDT", "timestamp_ms": 1754257929677, "side": "bid", "price": 2964.6882104197834, "quantity": 34.179755111441004, "capture_latency_ms": 1.486063003540039, "sequence_number": 51}
{"exchange": "mock", "pair": "ETH-USDT", "timestamp_ms": 1754257929677, "side": "bid", "price": 2964.3889887594664, "quantity": 98.14694348382818, "capture_latency_ms": 1.486063003540039, "sequence_number": 51}
{"exchange": "mock", "pair": "ETH-USDT", "timestamp_ms": 1754257929677, "side": "bid", "price": 2964.0897670991494, "quantity": 48.24197622882961, "capture_latency_ms": 1.486063003540039, "sequence_number": 51}
{"exchange": "mock", "pair": "ETH-USDT", "timestamp_ms": 1754257929677, "side": "bid", "price": 2963.790545438833, "quantity": 81.36785359180277, "capture_latency_ms": 1.486063003540039, "sequence_number": 51}
{"exchange": "mock", "pair": "ETH-USDT", "timestamp_ms": 1754257929677, "side": "bid", "price": 2963.491323778516, "quantity": 32.37626376052453, "capture_latency_ms": 1.486063003540039, "sequence_number": 51}
{"exchange": "mock", "pair": "ETH-USDT", "timestamp_ms": 1754257929677, "side": "bid", "price": 2963.192102118199, "quantity": 105.38961213325396, "capture_latency_ms": 1.486063003540039, "sequence_number": 51}
{"exchange": "mock", "pair": "ETH-USDT", "timestamp_ms": 1754257929677, "side": "bid", "price": 2962.892880457882, "quantity": 40.21678556808539, "capture_latency_ms": 1.486063003540039, "sequence_number": 51}
{"exchange": "mock", "pair": "ETH-USDT", "timestamp_ms": 1754257929677, "side": "bid", "price": 2962.5936587975652, "quantity": 9.735348748339481, "capture_latency_ms": 1.486063003540039, "sequence_number": 51}
{"exchange": "mock", "pair": "ETH-USDT", "timestamp_ms": 1754257929677, "side": "ask", "price": 2992.2166031689376, "quantity": 0.7832395923221265, "capture_latency_ms": 1.486063003540039, "sequence_number": 51}
{"exchange": "mock", "pair": "ETH-USDT", "timestamp_ms": 1754257929677, "side": "ask", "price": 2992.5158248292546, "quantity": 4.122927289801731, "capture_latency_ms": 1.486063003540039, "sequence_number": 51}
{"exchange": "mock", "pair": "ETH-USDT", "timestamp_ms": 1754257929677, "side": "ask", "price": 2992.815046489571, "quantity": 3.986889156284599, "capture_latency_ms": 1.486063003540039, "sequence_number": 51}
{"exchange": "mock", "pair": "ETH-USDT", "timestamp_ms": 1754257929677, "side": "ask", "price": 2993.114268149888, "quantity": 7.32711294835571, "capture_latency_ms": 1.486063003540039, "sequence_number": 51}
{"exchange": "mock", "pair": "ETH-USDT", "timestamp_ms": 1754257929677, "side": "ask", "price": 2993.413489810205, "quantity": 4.669620983729398, "capture_latency_ms": 1.486063003540039, "sequence_number": 51}
{"exchange": "mock", "pair": "ETH-USDT", "timestamp_ms": 1754257929677, "side": "ask", "price": 2993.712711470522, "quantity": 0.9782399478069441, "capture_latency_ms": 1.486063003540039, "sequence_number": 51}
{"exchange": "mock", "pair": "ETH-USDT", "timestamp_ms": 1754257929677, "side": "ask", "price": 2994.0119331308388, "quantity": 6.709597134733667, "capture_latency_ms": 1.486063003540039, "sequence_number": 51}
{"exchange": "mock", "pair": "ETH-USDT", "timestamp_ms": 1754257929677, "side": "ask", "price": 2994.311154791156, "quantity": 5.770108893306223, "capture_latency_ms": 1.486063003540039, "sequence_number": 51}
{"exchange": "mock", "pair": "ETH-USDT", "timestamp_ms": 1754257929677, "side": "ask", "price": 2994.610376451473, "quantity": 4.252157655202392, "capture_latency_ms": 1.486063003540039, "sequence_number": 51}
{"exchange": "mock", "pair": "ETH-USDT", "timestamp_ms": 1754257929677, "side": "ask", "price": 2994.90959811179, "quantity": 2.3463087702947725, "capture_latency_ms": 1.486063003540039, "sequence_number": 51}
{"exchange": "mock", "pair": "ETH-USDT", "timestamp_ms": 1754257929677, "side": "ask", "price": 2995.2088197721064, "quantity": 0.45244825555052653, "capture_latency_ms": 1.486063003540039, "sequence_number": 51}
{"exchange": "mock", "pair": "ETH-USDT", "timestamp_ms": 1754257929677, "side": "ask", "price": 2995.5080414324234, "quantity": 1.7028161898438525, "capture_latency_ms": 1.486063003540039, "sequence_number": 51}
{"exchange": "mock", "pair": "ETH-USDT", "timestamp_ms": 1754257929677, "side": "ask", "price": 2995.8072630927404, "quantity": 1.1622818185023582, "capture_latency_ms": 1.486063003540039, "sequence_number": 51}
{"exchange": "mock", "pair": "ETH-USDT", "timestamp_ms": 1754257929677, "side": "ask", "price": 2996.106484753057, "quantity": 2.8846929251139053, "capture_latency_ms": 1.486063003540039, "sequence_number": 51}
{"exchange": "mock", "pair": "ETH-USDT", "timestamp_ms": 1754257929677, "side": "ask", "price": 2996.405706413374, "quantity": 1.5289811189999538, "capture_latency_ms": 1.486063003540039, "sequence_number": 51}
{"exchange": "mock", "pair": "ETH-USDT", "timestamp_ms": 1754257929677, "side": "ask", "price": 2996.704928073691, "quantity": 0.26212174483485684, "capture_latency_ms": 1.486063003540039, "sequence_number": 51}
{"exchange": "mock", "pair": "ETH-USDT", "timestamp_ms": 1754257929677, "side": "ask", "price": 2997.004149734008, "quantity": 0.03920745833408362, "capture_latency_ms": 1.486063003540039, "sequence_number": 51}
{"exchange": "mock", "pair": "ETH-USDT", "timestamp_ms": 1754257929677, "side": "ask", "price": 2997.3033713943246, "quantity": 1.482446000891115, "capture_latency_ms": 1.486063003540039, "sequence_number": 51}
{"exchange": "mock", "pair": "ETH-USDT", "timestamp_ms": 1754257929677, "side": "ask", "price": 2997.6025930546416, "quantity": 0.8521343519638359, "capture_latency_ms": 1.486063003540039, "sequence_number": 51}
{"exchange": "mock", "pair": "ETH-USDT", "timestamp_ms": 1754257929677, "side": "ask", "price": 2997.9018147149586, "quantity": 0.15049274609916605, "capture_latency_ms": 1.486063003540039, "sequence_number": 51}
{"exchange": "mock", "pair": "ETH-USDT", "timestamp_ms": 1754257929677, "side": "ask", "price": 2998.2010363752756, "quantity": 0.0, "capture_latency_ms": 1.486063003540039, "sequence_number": 51}
{"exchange": "mock", "pair": "ETH-USDT", "timestamp_ms": 1754257929677, "side": "ask", "price": 2998.500258035592, "quantity": -0.48573277685843247, "capture_latency_ms": 1.486063003540039, "sequence_number": 51}
{"exchange": "mock", "pair": "ETH-USDT", "timestamp_ms": 1754257929677, "side": "ask", "price": 2998.799479695909, "quantity": -0.5751576906611223, "capture_latency_ms": 1.486063003540039, "sequence_number": 51}
{"exchange": "mock", "pair": "ETH-USDT", "timestamp_ms": 1754257929677, "side": "ask", "price": 2999.0987013562262, "quantity": -1.488053784940363, "capture_latency_ms": 1.486063003540039, "sequence_number": 51}
{"exchange": "mock", "pair": "ETH-USDT", "timestamp_ms": 1754257929677, "side": "ask", "price": 2999.3979230165432, "quantity": -0.41717905882850587, "capture_latency_ms": 1.486063003540039, "sequence_number": 51}
{"exchange": "mock", "pair": "ETH-USDT", "timestamp_ms": 1754257929677, "side": "ask", "price": 2999.69714467686, "quantity": -1.7174589505705102, "capture_latency_ms": 1.486063003540039, "sequence_number": 51}
{"exchange": "mock", "pair": "ETH-USDT", "timestamp_ms": 1754257929677, "side": "ask", "price": 2999.996366337177, "quantity": -2.0615999904184554, "capture_latency_ms": 1.486063003540039, "sequence_number": 51}
{"exchange": "mock", "pair": "ETH-USDT", "timestamp_ms": 1754257929677, "side": "ask", "price": 3000.295587997494, "quantity": -2.4098210229467343, "capture_latency_ms": 1.486063003540039, "sequence_number": 51}
{"exchange": "mock", "pair": "ETH-USDT", "timestamp_ms": 1754257929677, "side": "ask", "price": 3000.5948096578104, "quantity": -2.79464188086882, "capture_latency_ms": 1.486063003540039, "sequence_number": 51}
{"exchange": "mock", "pair": "ETH-USDT", "timestamp_ms": 1754257929677, "side": "ask", "price": 3000.8940313181274, "quantity": -1.743444109382775, "capture_latency_ms": 1.486063003540039, "sequence_number": 51}
{"exchange": "mock", "pair": "ETH-USDT", "timestamp_ms": 1754257929677, "side": "ask", "price": 3001.1932529784444, "quantity": -2.3880789189223193, "capture_latency_ms": 1.486063003540039, "sequence_number": 51}
{"exchange": "mock", "pair": "ETH-USDT", "timestamp_ms": 1754257929677, "side": "ask", "price": 3001.4924746387615, "quantity": -2.4641996073396712, "capture_latency_ms": 1.486063003540039, "sequence_number": 51}
{"exchange": "mock", "pair": "ETH-USDT", "timestamp_ms": 1754257929677, "side": "ask", "price": 3001.791696299078, "quantity": -0.3153684731030093, "capture_latency_ms": 1.486063003540039, "sequence_number": 51}
{"exchange": "mock", "pair": "ETH-USDT", "timestamp_ms": 1754257929677, "side": "ask", "price": 3002.090917959395, "quantity": -2.802211554729622, "capture_latency_ms": 1.486063003540039, "sequence_number": 51}
{"exchange": "mock", "pair": "ETH-USDT", "timestamp_ms": 1754257929677, "side": "ask", "price": 3002.390139619712, "quantity": -4.74512980885378, "capture_latency_ms": 1.486063003540039, "sequence_number": 51}
{"exchange": "mock", "pair": "ETH-USDT", "timestamp_ms": 1754257929677, "side": "ask", "price": 3002.689361280029, "quantity": -2.125116896884932, "capture_latency_ms": 1.486063003540039, "sequence_number": 51}
{"exchange": "mock", "pair": "ETH-USDT", "timestamp_ms": 1754257929677, "side": "ask", "price": 3002.9885829403456, "quantity": -3.2722131541926105, "capture_latency_ms": 1.486063003540039, "sequence_number": 51}
{"exchange": "mock", "pair": "ETH-USDT", "timestamp_ms": 1754257929677, "side": "ask", "price": 3003.2878046006626, "quantity": -8.105007979089125, "capture_latency_ms": 1.486063003540039, "sequence_number": 51}
{"exchange": "mock", "pair": "ETH-USDT", "timestamp_ms": 1754257929677, "side": "ask", "price": 3003.5870262609797, "quantity": -7.431651925465818, "capture_latency_ms": 1.486063003540039, "sequence_number": 51}
{"exchange": "mock", "pair": "ETH-USDT", "timestamp_ms": 1754257929677, "side": "ask", "price": 3003.886247921296, "quantity": -8.11460267414685, "capture_latency_ms": 1.486063003540039, "sequence_number": 51}
{"exchange": "mock", "pair": "ETH-USDT", "timestamp_ms": 1754257929677, "side": "ask", "price": 3004.1854695816132, "quantity": -6.0530596199059765, "capture_latency_ms": 1.486063003540039, "sequence_number": 51}
{"exchange": "mock", "pair": "ETH-USDT", "timestamp_ms": 1754257929677, "side": "ask", "price": 3004.4846912419302, "quantity": -9.655429864685901, "capture_latency_ms": 1.486063003540039, "sequence_number": 51}
{"exchange": "mock", "pair": "ETH-USDT", "timestamp_ms": 1754257929677, "side": "ask", "price": 3004.7839129022473, "quantity": -6.50866928898621, "capture_latency_ms": 1.486063003540039, "sequence_number": 51}
{"exchange": "mock", "pair": "ETH-USDT", "timestamp_ms": 1754257929677, "side": "ask", "price": 3005.083134562564, "quantity": -8.400270289722846, "capture_latency_ms": 1.486063003540039, "sequence_number": 51}
{"exchange": "mock", "pair": "ETH-USDT", "timestamp_ms": 1754257929677, "side": "ask", "price": 3005.382356222881, "quantity": -4.290176941857852, "capture_latency_ms": 1.486063003540039, "sequence_number": 51}
{"exchange": "mock", "pair": "ETH-USDT", "timestamp_ms": 1754257929677, "side": "ask", "price": 3005.681577883198, "quantity": -7.796086743721339, "capture_latency_ms": 1.486063003540039, "sequence_number": 51}
{"exchange": "mock", "pair": "ETH-USDT", "timestamp_ms": 1754257929677, "side": "ask", "price": 3005.980799543515, "quantity": -9.704390423017191, "capture_latency_ms": 1.486063003540039, "sequence_number": 51}
{"exchange": "mock", "pair": "ETH-USDT", "timestamp_ms": 1754257929677, "side": "ask", "price": 3006.2800212038314, "quantity": -1.0614159694349792, "capture_latency_ms": 1.486063003540039, "sequence_number": 51}
{"exchange": "mock", "pair": "ETH-USDT", "timestamp_ms": 1754257929677, "side": "ask", "price": 3006.5792428641485, "quantity": -6.563922863215032, "capture_latency_ms": 1.486063003540039, "sequence_number": 51}
{"exchange": "mock", "pair": "ETH-USDT", "timestamp_ms": 1754257929677, "side": "ask", "price": 3006.8784645244655, "quantity": -13.358641700443348, "capture_latency_ms": 1.486063003540039, "sequence_number": 51}
{"exchange": "mock", "pair": "ETH-USDT", "timestamp_ms": 1754257929677, "side": "ask", "price": 3007.1776861847825, "quantity": -14.328097537188949, "capture_latency_ms": 1.486063003540039, "sequence_number": 51}
{"exchange": "mock", "pair": "ETH-USDT", "timestamp_ms": 1754257929677, "side": "ask", "price": 3007.476907845099, "quantity": -12.016269999041185, "capture_latency_ms": 1.486063003540039, "sequence_number": 51}
{"exchange": "mock", "pair": "ETH-USDT", "timestamp_ms": 1754257929677, "side": "ask", "price": 3007.776129505416, "quantity": -11.290886068894707, "capture_latency_ms": 1.486063003540039, "sequence_number": 51}
{"exchange": "mock", "pair": "ETH-USDT", "timestamp_ms": 1754257929677, "side": "ask", "price": 3008.075351165733, "quantity": -6.305848440307492, "capture_latency_ms": 1.486063003540039, "sequence_number": 51}
{"exchange": "mock", "pair": "ETH-USDT", "timestamp_ms": 1754257929677, "side": "ask", "price": 3008.3745728260496, "quantity": -16.319212199149558, "capture_latency_ms": 1.486063003540039, "sequence_number": 51}
{"exchange": "mock", "pair": "ETH-USDT", "timestamp_ms": 1754257929677, "side": "ask", "price": 3008.6737944863667, "quantity": -6.910811869903648, "capture_latency_ms": 1.486063003540039, "sequence_number": 51}
{"exchange": "mock", "pair": "ETH-USDT", "timestamp_ms": 1754257929677, "side": "ask", "price": 3008.9730161466837, "quantity": -9.68935141720246, "capture_latency_ms": 1.486063003540039, "sequence_number": 51}
{"exchange": "mock", "pair": "ETH-USDT", "timestamp_ms": 1754257929677, "side": "ask", "price": 3009.2722378070007, "quantity": -11.322468397980634, "capture_latency_ms": 1.486063003540039, "sequence_number": 51}
{"exchange": "mock", "pair": "ETH-USDT", "timestamp_ms": 1754257929677, "side": "ask", "price": 3009.5714594673173, "quantity": -15.61807845706122, "capture_latency_ms": 1.486063003540039, "sequence_number": 51}
{"exchange": "mock", "pair": "ETH-USDT", "timestamp_ms": 1754257929677, "side": "ask", "price": 3009.8706811276343, "quantity": -7.618442870825753, "capture_latency_ms": 1.486063003540039, "sequence_number": 51}
{"exchange": "mock", "pair": "ETH-USDT", "timestamp_ms": 1754257929677, "side": "ask", "price": 3010.1699027879513, "quantity": -0.538037893705275, "capture_latency_ms": 1.486063003540039, "sequence_number": 51}
{"exchange": "mock", "pair": "ETH-USDT", "timestamp_ms": 1754257929677, "side": "ask", "price": 3010.4691244482683, "quantity": -8.224837270661576, "capture_latency_ms": 1.486063003540039, "sequence_number": 51}
{"exchange": "mock", "pair": "ETH-USDT", "timestamp_ms": 1754257929677, "side": "ask", "price": 3010.768346108585, "quantity": -4.405797876432958, "capture_latency_ms": 1.486063003540039, "sequence_number": 51}
{"exchange": "mock", "pair": "ETH-USDT", "timestamp_ms": 1754257929677, "side": "ask", "price": 3011.067567768902, "quantity": -16.164256577525745, "capture_latency_ms": 1.486063003540039, "sequence_number": 51}
{"exchange": "mock", "pair": "ETH-USDT", "timestamp_ms": 1754257929677, "side": "ask", "price": 3011.366789429219, "quantity": -10.663641653898106, "capture_latency_ms": 1.486063003540039, "sequence_number": 51}
{"exchange": "mock", "pair": "ETH-USDT", "timestamp_ms": 1754257929677, "side": "ask", "price": 3011.6660110895355, "quantity": -5.861084408502609, "capture_latency_ms": 1.486063003540039, "sequence_number": 51}
{"exchange": "mock", "pair": "ETH-USDT", "timestamp_ms": 1754257929677, "side": "ask", "price": 3011.9652327498525, "quantity": -12.972673525828268, "capture_latency_ms": 1.486063003540039, "sequence_number": 51}
{"exchange": "mock", "pair": "ETH-USDT", "timestamp_ms": 1754257929677, "side": "ask", "price": 3012.2644544101695, "quantity": -10.315930763224669, "capture_latency_ms": 1.486063003540039, "sequence_number": 51}
{"exchange": "mock", "pair": "ETH-USDT", "timestamp_ms": 1754257929677, "side": "ask", "price": 3012.5636760704865, "quantity": -21.825577396037012, "capture_latency_ms": 1.486063003540039, "sequence_number": 51}
{"exchange": "mock", "pair": "ETH-USDT", "timestamp_ms": 1754257929677, "side": "ask", "price": 3012.862897730803, "quantity": -2.6297861061671357, "capture_latency_ms": 1.486063003540039, "sequence_number": 51}
{"exchange": "mock", "pair": "ETH-USDT", "timestamp_ms": 1754257929677, "side": "ask", "price": 3013.16211939112, "quantity": -18.71044199295333, "capture_latency_ms": 1.486063003540039, "sequence_number": 51}
{"exchange": "mock", "pair": "ETH-USDT", "timestamp_ms": 1754257929677, "side": "ask", "price": 3013.461341051437, "quantity": -2.2820725458023037, "capture_latency_ms": 1.486063003540039, "sequence_number": 51}
{"exchange": "mock", "pair": "ETH-USDT", "timestamp_ms": 1754257929677, "side": "ask", "price": 3013.760562711754, "quantity": -13.470647313312716, "capture_latency_ms": 1.486063003540039, "sequence_number": 51}
{"exchange": "mock", "pair": "ETH-USDT", "timestamp_ms": 1754257929677, "side": "ask", "price": 3014.0597843720707, "quantity": -14.403127179281448, "capture_latency_ms": 1.486063003540039, "sequence_number": 51}
{"exchange": "mock", "pair": "ETH-USDT", "timestamp_ms": 1754257929677, "side": "ask", "price": 3014.3590060323877, "quantity": -15.41688018989815, "capture_latency_ms": 1.486063003540039, "sequence_number": 51}
{"exchange": "mock", "pair": "ETH-USDT", "timestamp_ms": 1754257929677, "side": "ask", "price": 3014.6582276927047, "quantity": -26.49198876089769, "capture_latency_ms": 1.486063003540039, "sequence_number": 51}
{"exchange": "mock", "pair": "ETH-USDT", "timestamp_ms": 1754257929677, "side": "ask", "price": 3014.9574493530217, "quantity": -8.171433322740508, "capture_latency_ms": 1.486063003540039, "sequence_number": 51}
{"exchange": "mock", "pair": "ETH-USDT", "timestamp_ms": 1754257929677, "side": "ask", "price": 3015.2566710133383, "quantity": -28.123727625497438, "capture_latency_ms": 1.486063003540039, "sequence_number": 51}
{"exchange": "mock", "pair": "ETH-USDT", "timestamp_ms": 1754257929677, "side": "ask", "price": 3015.5558926736553, "quantity": -1.131918346623675, "capture_latency_ms": 1.486063003540039, "sequence_number": 51}
{"exchange": "mock", "pair": "ETH-USDT", "timestamp_ms": 1754257929677, "side": "ask", "price": 3015.8551143339723, "quantity": -2.1173418989516923, "capture_latency_ms": 1.486063003540039, "sequence_number": 51}
{"exchange": "mock", "pair": "ETH-USDT", "timestamp_ms": 1754257929677, "side": "ask", "price": 3016.154335994289, "quantity": -13.319833574712026, "capture_latency_ms": 1.486063003540039, "sequence_number": 51}
{"exchange": "mock", "pair": "ETH-USDT", "timestamp_ms": 1754257929677, "side": "ask", "price": 3016.453557654606, "quantity": -8.058078799048197, "capture_latency_ms": 1.486063003540039, "sequence_number": 51}
{"exchange": "mock", "pair": "ETH-USDT", "timestamp_ms": 1754257929677, "side": "ask", "price": 3016.752779314923, "quantity": -7.318848812217822, "capture_latency_ms": 1.486063003540039, "sequence_number": 51}
{"exchange": "mock", "pair": "ETH-USDT", "timestamp_ms": 1754257929677, "side": "ask", "price": 3017.05200097524, "quantity": -30.184807240272704, "capture_latency_ms": 1.486063003540039, "sequence_number": 51}
{"exchange": "mock", "pair": "ETH-USDT", "timestamp_ms": 1754257929677, "side": "ask", "price": 3017.3512226355565, "quantity": -17.096607868948308, "capture_latency_ms": 1.486063003540039, "sequence_number": 51}
{"exchange": "mock", "pair": "ETH-USDT", "timestamp_ms": 1754257929677, "side": "ask", "price": 3017.6504442958735, "quantity": -5.899071663826069, "capture_latency_ms": 1.486063003540039, "sequence_number": 51}
{"exchange": "mock", "pair": "ETH-USDT", "timestamp_ms": 1754257929677, "side": "ask", "price": 3017.9496659561905, "quantity": -21.920892744362376, "capture_latency_ms": 1.486063003540039, "sequence_number": 51}
{"exchange": "mock", "pair": "ETH-USDT", "timestamp_ms": 1754257929677, "side": "ask", "price": 3018.2488876165075, "quantity": -1.4871161727397615, "capture_latency_ms": 1.486063003540039, "sequence_number": 51}
{"exchange": "mock", "pair": "ETH-USDT", "timestamp_ms": 1754257929677, "side": "ask", "price": 3018.548109276824, "quantity": -25.238459742297334, "capture_latency_ms": 1.486063003540039, "sequence_number": 51}
{"exchange": "mock", "pair": "ETH-USDT", "timestamp_ms": 1754257929677, "side": "ask", "price": 3018.847330937141, "quantity": -3.4163959160772053, "capture_latency_ms": 1.486063003540039, "sequence_number": 51}
{"exchange": "mock", "pair": "ETH-USDT", "timestamp_ms": 1754257929677, "side": "ask", "price": 3019.146552597458, "quantity": -23.20395604021791, "capture_latency_ms": 1.486063003540039, "sequence_number": 51}
{"exchange": "mock", "pair": "ETH-USDT", "timestamp_ms": 1754257929677, "side": "ask", "price": 3019.4457742577747, "quantity": -5.090385848565056, "capture_latency_ms": 1.486063003540039, "sequence_number": 51}
{"exchange": "mock", "pair": "ETH-USDT", "timestamp_ms": 1754257929677, "side": "ask", "price": 3019.7449959180917, "quantity": -26.028164276219155, "capture_latency_ms": 1.486063003540039, "sequence_number": 51}
{"exchange": "mock", "pair": "ETH-USDT", "timestamp_ms": 1754257929677, "side": "ask", "price": 3020.0442175784087, "quantity": -33.17927401826296, "capture_latency_ms": 1.486063003540039, "sequence_number": 51}
{"exchange": "mock", "pair": "ETH-USDT", "timestamp_ms": 1754257929677, "side": "ask", "price": 3020.3434392387258, "quantity": -31.97422585568456, "capture_latency_ms": 1.486063003540039, "sequence_number": 51}
{"exchange": "mock", "pair": "ETH-USDT", "timestamp_ms": 1754257929677, "side": "ask", "price": 3020.6426608990423, "quantity": -7.992381180205079, "capture_latency_ms": 1.486063003540039, "sequence_number": 51}
{"exchange": "mock", "pair": "ETH-USDT", "timestamp_ms": 1754257929677, "side": "ask", "price": 3020.9418825593593, "quantity": -10.107645388196364, "capture_latency_ms": 1.486063003540039, "sequence_number": 51}
{"exchange": "mock", "pair": "ETH-USDT", "timestamp_ms": 1754257929677, "side": "ask", "price": 3021.2411042196763, "quantity": -14.509425934192562, "capture_latency_ms": 1.486063003540039, "sequence_number": 51}
{"exchange": "mock", "pair": "ETH-USDT", "timestamp_ms": 1754257929677, "side": "ask", "price": 3021.5403258799934, "quantity": -35.5750340038863, "capture_latency_ms": 1.486063003540039, "sequence_number": 51}
{"exchange": "mock", "pair": "ETH-USDT", "timestamp_ms": 1754257929677, "side": "ask", "price": 3021.83954754031, "quantity": -15.389667627803766, "capture_latency_ms": 1.486063003540039, "sequence_number": 51}
{"exchange": "mock", "pair": "BTC-USDT", "timestamp_ms": 1754257930677, "side": "bid", "price": 50021.728361015106, "quantity": 1.668930161360078, "capture_latency_ms": 0.19025802612304688, "sequence_number": 52}
{"exchange": "mock", "pair": "BTC-USDT", "timestamp_ms": 1754257930677, "side": "bid", "price": 50016.726188179004, "quantity": 5.974574041196667, "capture_latency_ms": 0.19025802612304688, "sequence_number": 52}
{"exchange": "mock", "pair": "BTC-USDT", "timestamp_ms": 1754257930677, "side": "bid", "price": 50011.7240153429, "quantity": 1.8012039044932728, "capture_latency_ms": 0.19025802612304688, "sequence_number": 52}
{"exchange": "mock", "pair": "BTC-USDT", "timestamp_ms": 1754257930677, "side": "bid", "price": 50006.7218425068, "quantity": 12.234674035363076, "capture_latency_ms": 0.19025802612304688, "sequence_number": 52}
{"exchange": "mock", "pair": "BTC-USDT", "timestamp_ms": 1754257930677, "side": "bid", "price": 50001.7196696707, "quantity": 11.426927312668493, "capture_latency_ms": 0.19025802612304688, "sequence_number": 52}
{"exchange": "mock", "pair": "BTC-USDT", "timestamp_ms": 1754257930677, "side": "bid", "price": 49996.7174968346, "quantity": 5.747805384876887, "capture_latency_ms": 0.19025802612304688, "sequence_number": 52}
{"exchange": "mock", "pair": "BTC-USDT", "timestamp_ms": 1754257930677, "side": "bid", "price": 49991.7153239985, "quantity": 13.975759784529894, "capture_latency_ms": 0.19025802612304688, "sequence_number": 52}
{"exchange": "mock", "pair": "BTC-USDT", "timestamp_ms": 1754257930677, "side": "bid", "price": 49986.713151162396, "quantity": 16.248696651108894, "capture_latency_ms": 0.19025802612304688, "sequence_number": 52}
{"exchange": "mock", "pair": "BTC-USDT", "timestamp_ms": 1754257930677, "side": "bid", "price": 49981.71097832629, "quantity": 10.97559597298066, "capture_latency_ms": 0.19025802612304688, "sequence_number": 52}
{"exchange": "mock", "pair": "BTC-USDT", "timestamp_ms": 1754257930677, "side": "bid", "price": 49976.70880549019, "quantity": 4.34737115100205, "capture_latency_ms": 0.19025802612304688, "sequence_number": 52}
{"exchange": "mock", "pair": "BTC-USDT", "timestamp_ms": 1754257930677, "side": "bid", "price": 49971.70663265409, "quantity": 15.613455018132287, "capture_latency_ms": 0.19025802612304688, "sequence_number": 52}
{"exchange": "mock", "pair": "BTC-USDT", "timestamp_ms": 1754257930677, "side": "bid", "price": 49966.70445981799, "quantity": 11.224191644246819, "capture_latency_ms": 0.19025802612304688, "sequence_number": 52}
{"exchange": "mock", "pair": "BTC-USDT", "timestamp_ms": 1754257930677, "side": "bid", "price": 49961.70228698189, "quantity": 13.839787483173112, "capture_latency_ms": 0.19025802612304688, "sequence_number": 52}
{"exchange": "mock", "pair": "BTC-USDT", "timestamp_ms": 1754257930677, "side": "bid", "price": 49956.70011414579, "quantity": 13.674922907633478, "capture_latency_ms": 0.19025802612304688, "sequence_number": 52}
{"exchange": "mock", "pair": "BTC-USDT", "timestamp_ms": 1754257930677, "side": "bid", "price": 49951.697941309685, "quantity": 11.948236144170053, "capture_latency_ms": 0.19025802612304688, "sequence_number": 52}
{"exchange": "mock", "pair": "BTC-USDT", "timestamp_ms": 1754257930677, "side": "bid", "price": 49946.69576847358, "quantity": 20.36246014001796, "capture_latency_ms": 0.19025802612304688, "sequence_number": 52}
{"exchange": "mock", "pair": "BTC-USDT", "timestamp_ms": 1754257930677, "side": "bid", "price": 49941.69359563748, "quantity": 12.762385562534664, "capture_latency_ms": 0.19025802612304688, "sequence_number": 52}
{"exchange": "mock", "pair": "BTC-USDT", "timestamp_ms": 1754257930677, "side": "bid", "price": 49936.69142280138, "quantity": 18.9184934128557, "capture_latency_ms": 0.19025802612304688, "sequence_number": 52}
{"exchange": "mock", "pair": "BTC-USDT", "timestamp_ms": 1754257930677, "side": "bid", "price": 49931.68924996528, "quantity": 4.154713149417603, "capture_latency_ms": 0.19025802612304688, "sequence_number": 52}
{"exchange": "mock", "pair": "BTC-USDT", "timestamp_ms": 1754257930677, "side": "bid", "price": 49926.68707712918, "quantity": 0.9060736015597141, "capture_latency_ms": 0.19025802612304688, "sequence_number": 52}
{"exchange": "mock", "pair": "BTC-USDT", "timestamp_ms": 1754257930677, "side": "bid", "price": 49921.68490429308, "quantity": 29.70688611436626, "capture_latency_ms": 0.19025802612304688, "sequence_number": 52}
{"exchange": "mock", "pair": "BTC-USDT", "timestamp_ms": 1754257930677, "side": "bid", "price": 49916.682731456975, "quantity": 9.4909553037427, "capture_latency_ms": 0.19025802612304688, "sequence_number": 52}
{"exchange": "mock", "pair": "BTC-USDT", "timestamp_ms": 1754257930677, "side": "bid", "price": 49911.68055862087, "quantity": 28.716517795290926, "capture_latency_ms": 0.19025802612304688, "sequence_number": 52}
{"exchange": "mock", "pair": "BTC-USDT", "timestamp_ms": 1754257930677, "side": "bid", "price": 49906.67838578477, "quantity": 0.6162923411548418, "capture_latency_ms": 0.19025802612304688, "sequence_number": 52}
{"exchange": "mock", "pair": "BTC-USDT", "timestamp_ms": 1754257930677, "side": "bid", "price": 49901.67621294867, "quantity": 25.383765069293204, "capture_latency_ms": 0.19025802612304688, "sequence_number": 52}
{"exchange": "mock", "pair": "BTC-USDT", "timestamp_ms": 1754257930677, "side": "bid", "price": 49896.67404011257, "quantity": 23.599607165488326, "capture_latency_ms": 0.19025802612304688, "sequence_number": 52}
{"exchange": "mock", "pair": "BTC-USDT", "timestamp_ms": 1754257930677, "side": "bid", "price": 49891.67186727647, "quantity": 16.65778363713745, "capture_latency_ms": 0.19025802612304688, "sequence_number": 52}
{"exchange": "mock", "pair": "BTC-USDT", "timestamp_ms": 1754257930677, "side": "bid", "price": 49886.66969444037, "quantity": 1.5662146227792406, "capture_latency_ms": 0.19025802612304688, "sequence_number": 52}
{"exchange": "mock", "pair": "BTC-USDT", "timestamp_ms": 1754257930677, "side": "bid", "price": 49881.667521604264, "quantity": 35.28372940200482, "capture_latency_ms": 0.19025802612304688, "sequence_number": 52}
{"exchange": "mock", "pair": "BTC-USDT", "timestamp_ms": 1754257930677, "side": "bid", "price": 49876.66534876816, "quantity": 4.53702116927696, "capture_latency_ms": 0.19025802612304688, "sequence_number": 52}
{"exchange": "mock", "pair": "BTC-USDT", "timestamp_ms": 1754257930677, "side": "bid", "price": 49871.66317593206, "quantity": 1.3272720870932484, "capture_latency_ms": 0.19025802612304688, "sequence_number": 52}
{"exchange": "mock", "pair": "BTC-USDT", "timestamp_ms": 1754257930677, "side": "bid", "price": 49866.66100309596, "quantity": 35.91737528660049, "capture_latency_ms": 0.19025802612304688, "sequence_number": 52}
{"exchange": "mock", "pair": "BTC-USDT", "timestamp_ms": 1754257930677, "side": "bid", "price": 49861.65883025986, "quantity": 34.93824071058492, "capture_latency_ms": 0.19025802612304688, "sequence_number": 52}
{"exchange": "mock", "pair": "BTC-USDT", "timestamp_ms": 1754257930677, "side": "bid", "price": 49856.65665742376, "quantity": 16.964804618527825, "capture_latency_ms": 0.19025802612304688, "sequence_number": 52}
{"exchange": "mock", "pair": "BTC-USDT", "timestamp_ms": 1754257930677, "side": "bid", "price": 49851.654484587656, "quantity": 7.954293647517122, "capture_latency_ms": 0.19025802612304688, "sequence_number": 52}
{"exchange": "mock", "pair": "BTC-USDT", "timestamp_ms": 1754257930677, "side": "bid", "price": 49846.65231175155, "quantity": 5.844054434829205, "capture_latency_ms": 0.19025802612304688, "sequence_number": 52}
{"exchange": "mock", "pair": "BTC-USDT", "timestamp_ms": 1754257930677, "side": "bid", "price": 49841.65013891545, "quantity": 2.9775640058559403, "capture_latency_ms": 0.19025802612304688, "sequence_number": 52}
{"exchange": "mock", "pair": "BTC-USDT", "timestamp_ms": 1754257930677, "side": "bid", "price": 49836.64796607935, "quantity": 23.59579894058274, "capture_latency_ms": 0.19025802612304688, "sequence_number": 52}
{"exchange": "mock", "pair": "BTC-USDT", "timestamp_ms": 1754257930677, "side": "bid", "price": 49831.645793243246, "quantity": 20.88789819667953, "capture_latency_ms": 0.19025802612304688, "sequence_number": 52}
{"exchange": "mock", "pair": "BTC-USDT", "timestamp_ms": 1754257930677, "side": "bid", "price": 49826.64362040715, "quantity": 47.92708891662095, "capture_latency_ms": 0.19025802612304688, "sequence_number": 52}
{"exchange": "mock", "pair": "BTC-USDT", "timestamp_ms": 1754257930677, "side": "bid", "price": 49821.64144757105, "quantity": 9.66078648987729, "capture_latency_ms": 0.19025802612304688, "sequence_number": 52}
{"exchange": "mock", "pair": "BTC-USDT", "timestamp_ms": 1754257930677, "side": "bid", "price": 49816.639274734946, "quantity": 23.37578991125844, "capture_latency_ms": 0.19025802612304688, "sequence_number": 52}
{"exchange": "mock", "pair": "BTC-USDT", "timestamp_ms": 1754257930677, "side": "bid", "price": 49811.63710189884, "quantity": 8.588854768403776, "capture_latency_ms": 0.19025802612304688, "sequence_number": 52}
{"exchange": "mock", "pair": "BTC-USDT", "timestamp_ms": 1754257930677, "side": "bid", "price": 49806.63492906274, "quantity": 3.009048001474686, "capture_latency_ms": 0.19025802612304688, "sequence_number": 52}
{"exchange": "mock", "pair": "BTC-USDT", "timestamp_ms": 1754257930677, "side": "bid", "price": 49801.63275622664, "quantity": 9.239219214655204, "capture_latency_ms": 0.19025802612304688, "sequence_number": 52}
{"exchange": "mock", "pair": "BTC-USDT", "timestamp_ms": 1754257930677, "side": "bid", "price": 49796.630583390535, "quantity": 8.149820011995024, "capture_latency_ms": 0.19025802612304688, "sequence_number": 52}
{"exchange": "mock", "pair": "BTC-USDT", "timestamp_ms": 1754257930677, "side": "bid", "price": 49791.62841055444, "quantity": 38.595804639766904, "capture_latency_ms": 0.19025802612304688, "sequence_number": 52}
{"exchange": "mock", "pair": "BTC-USDT", "timestamp_ms": 1754257930677, "side": "bid", "price": 49786.62623771834, "quantity": 28.276353106789138, "capture_latency_ms": 0.19025802612304688, "sequence_number": 52}
{"exchange": "mock", "pair": "BTC-USDT", "timestamp_ms": 1754257930677, "side": "bid", "price": 49781.624064882235, "quantity": 38.82531557623254, "capture_latency_ms": 0.19025802612304688, "sequence_number": 52}
{"exchange": "mock", "pair": "BTC-USDT", "timestamp_ms": 1754257930677, "side": "bid", "price": 49776.62189204613, "quantity": 24.90721988282734, "capture_latency_ms": 0.19025802612304688, "sequence_number": 52}
{"exchange": "mock", "pair": "BTC-USDT", "timestamp_ms": 1754257930677, "side": "bid", "price": 49771.61971921003, "quantity": 14.249528417163523, "capture_latency_ms": 0.19025802612304688, "sequence_number": 52}
{"exchange": "mock", "pair": "BTC-USDT", "timestamp_ms": 1754257930677, "side": "bid", "price": 49766.61754637393, "quantity": 58.2866025894114, "capture_latency_ms": 0.19025802612304688, "sequence_number": 52}
{"exchange": "mock", "pair": "BTC-USDT", "timestamp_ms": 1754257930677, "side": "bid", "price": 49761.615373537825, "quantity": 53.48439146702966, "capture_latency_ms": 0.19025802612304688, "sequence_number": 52}
{"exchange": "mock", "pair": "BTC-USDT", "timestamp_ms": 1754257930677, "side": "bid", "price": 49756.61320070173, "quantity": 37.94610294700896, "capture_latency_ms": 0.19025802612304688, "sequence_number": 52}
{"exchange": "mock", "pair": "BTC-USDT", "timestamp_ms": 1754257930677, "side": "bid", "price": 49751.61102786563, "quantity": 7.601990380036411, "capture_latency_ms": 0.19025802612304688, "sequence_number": 52}
{"exchange": "mock", "pair": "BTC-USDT", "timestamp_ms": 1754257930677, "side": "bid", "price": 49746.608855029524, "quantity": 10.5737672215008, "capture_latency_ms": 0.19025802612304688, "sequence_number": 52}
{"exchange": "mock", "pair": "BTC-USDT", "timestamp_ms": 1754257930677, "side": "bid", "price": 49741.60668219342, "quantity": 34.62646393788147, "capture_latency_ms": 0.19025802612304688, "sequence_number": 52}
{"exchange": "mock", "pair": "BTC-USDT", "timestamp_ms": 1754257930677, "side": "bid", "price": 49736.60450935732, "quantity": 23.279643427339895, "capture_latency_ms": 0.19025802612304688, "sequence_number": 52}
{"exchange": "mock", "pair": "BTC-USDT", "timestamp_ms": 1754257930677, "side": "bid", "price": 49731.60233652122, "quantity": 25.0066248710877, "capture_latency_ms": 0.19025802612304688, "sequence_number": 52}
{"exchange": "mock", "pair": "BTC-USDT", "timestamp_ms": 1754257930677, "side": "bid", "price": 49726.600163685114, "quantity": 1.9497871261267612, "capture_latency_ms": 0.19025802612304688, "sequence_number": 52}
{"exchange": "mock", "pair": "BTC-USDT", "timestamp_ms": 1754257930677, "side": "bid", "price": 49721.59799084902, "quantity": 34.39009588947919, "capture_latency_ms": 0.19025802612304688, "sequence_number": 52}
{"exchange": "mock", "pair": "BTC-USDT", "timestamp_ms": 1754257930677, "side": "bid", "price": 49716.59581801292, "quantity": 13.630468008634764, "capture_latency_ms": 0.19025802612304688, "sequence_number": 52}
{"exchange": "mock", "pair": "BTC-USDT", "timestamp_ms": 1754257930677, "side": "bid", "price": 49711.593645176814, "quantity": 25.378402907883924, "capture_latency_ms": 0.19025802612304688, "sequence_number": 52}
{"exchange": "mock", "pair": "BTC-USDT", "timestamp_ms": 1754257930677, "side": "bid", "price": 49706.59147234071, "quantity": 19.609475777476273, "capture_latency_ms": 0.19025802612304688, "sequence_number": 52}
{"exchange": "mock", "pair": "BTC-USDT", "timestamp_ms": 1754257930677, "side": "bid", "price": 49701.58929950461, "quantity": 35.07507975082975, "capture_latency_ms": 0.19025802612304688, "sequence_number": 52}
{"exchange": "mock", "pair": "BTC-USDT", "timestamp_ms": 1754257930677, "side": "bid", "price": 49696.587126668506, "quantity": 19.236363330301362, "capture_latency_ms": 0.19025802612304688, "sequence_number": 52}
{"exchange": "mock", "pair": "BTC-USDT", "timestamp_ms": 1754257930677, "side": "bid", "price": 49691.584953832404, "quantity": 28.771711974364475, "capture_latency_ms": 0.19025802612304688, "sequence_number": 52}
{"exchange": "mock", "pair": "BTC-USDT", "timestamp_ms": 1754257930677, "side": "bid", "price": 49686.58278099631, "quantity": 16.36269459154525, "capture_latency_ms": 0.19025802612304688, "sequence_number": 52}
{"exchange": "mock", "pair": "BTC-USDT", "timestamp_ms": 1754257930677, "side": "bid", "price": 49681.580608160206, "quantity": 31.514648860644588, "capture_latency_ms": 0.19025802612304688, "sequence_number": 52}
{"exchange": "mock", "pair": "BTC-USDT", "timestamp_ms": 1754257930677, "side": "bid", "price": 49676.5784353241, "quantity": 56.0912112477499, "capture_latency_ms": 0.19025802612304688, "sequence_number": 52}
{"exchange": "mock", "pair": "BTC-USDT", "timestamp_ms": 1754257930677, "side": "bid", "price": 49671.576262488, "quantity": 75.40573238840977, "capture_latency_ms": 0.19025802612304688, "sequence_number": 52}
{"exchange": "mock", "pair": "BTC-USDT", "timestamp_ms": 1754257930677, "side": "bid", "price": 49666.5740896519, "quantity": 6.558946211094878, "capture_latency_ms": 0.19025802612304688, "sequence_number": 52}
