{"exchange": "mock", "pair": "BTC-USDT", "timestamp_ms": 1754257589384, "side": "bid", "price": 49966.084639006556, "quantity": 8.499962384873168, "capture_latency_ms": 0.11205673217773438, "sequence_number": 1}
{"exchange": "mock", "pair": "BTC-USDT", "timestamp_ms": 1754257589384, "side": "bid", "price": 49961.088030542654, "quantity": 2.591573529043427, "capture_latency_ms": 0.11205673217773438, "sequence_number": 1}
{"exchange": "mock", "pair": "BTC-USDT", "timestamp_ms": 1754257589384, "side": "bid", "price": 49956.09142207875, "quantity": 1.54414794387438, "capture_latency_ms": 0.11205673217773438, "sequence_number": 1}
{"exchange": "mock", "pair": "BTC-USDT", "timestamp_ms": 1754257589384, "side": "bid", "price": 49951.09481361485, "quantity": 10.772852845828183, "capture_latency_ms": 0.11205673217773438, "sequence_number": 1}
{"exchange": "mock", "pair": "BTC-USDT", "timestamp_ms": 1754257589384, "side": "bid", "price": 49946.098205150956, "quantity": 9.07327843755539, "capture_latency_ms": 0.11205673217773438, "sequence_number": 1}
{"exchange": "mock", "pair": "BTC-USDT", "timestamp_ms": 1754257589384, "side": "bid", "price": 49941.101596687055, "quantity": 6.549320963137025, "capture_latency_ms": 0.11205673217773438, "sequence_number": 1}
{"exchange": "mock", "pair": "BTC-USDT", "timestamp_ms": 1754257589384, "side": "bid", "price": 49936.10498822315, "quantity": 7.900862858598188, "capture_latency_ms": 0.11205673217773438, "sequence_number": 1}
{"exchange": "mock", "pair": "BTC-USDT", "timestamp_ms": 1754257589384, "side": "bid", "price": 49931.10837975925, "quantity": 0.42739221964127677, "capture_latency_ms": 0.11205673217773438, "sequence_number": 1}
{"exchange": "mock", "pair": "BTC-USDT", "timestamp_ms": 1754257589384, "side": "bid", "price": 49926.11177129535, "quantity": 14.895366575259997, "capture_latency_ms": 0.11205673217773438, "sequence_number": 1}
{"exchange": "mock", "pair": "BTC-USDT", "timestamp_ms": 1754257589384, "side": "bid", "price": 49921.11516283145, "quantity": 16.499761792231975, "capture_latency_ms": 0.11205673217773438, "sequence_number": 1}
{"exchange": "mock", "pair": "BTC-USDT", "timestamp_ms": 1754257589384, "side": "bid", "price": 49916.11855436755, "quantity": 11.861057892779938, "capture_latency_ms": 0.11205673217773438, "sequence_number": 1}
{"exchange": "mock", "pair": "BTC-USDT", "timestamp_ms": 1754257589384, "side": "bid", "price": 49911.12194590365, "quantity": 5.4028852524824655, "capture_latency_ms": 0.11205673217773438, "sequence_number": 1}
{"exchange": "mock", "pair": "BTC-USDT", "timestamp_ms": 1754257589384, "side": "bid", "price": 49906.12533743975, "quantity": 19.166110271859516, "capture_latency_ms": 0.11205673217773438, "sequence_number": 1}
{"exchange": "mock", "pair": "BTC-USDT", "timestamp_ms": 1754257589384, "side": "bid", "price": 49901.12872897585, "quantity": 4.142085372166872, "capture_latency_ms": 0.11205673217773438, "sequence_number": 1}
{"exchange": "mock", "pair": "BTC-USDT", "timestamp_ms": 1754257589384, "side": "bid", "price": 49896.132120511946, "quantity": 3.977671976342261, "capture_latency_ms": 0.11205673217773438, "sequence_number": 1}
{"exchange": "mock", "pair": "BTC-USDT", "timestamp_ms": 1754257589384, "side": "bid", "price": 49891.135512048044, "quantity": 22.34270688581599, "capture_latency_ms": 0.11205673217773438, "sequence_number": 1}
{"exchange": "mock", "pair": "BTC-USDT", "timestamp_ms": 1754257589384, "side": "bid", "price": 49886.13890358415, "quantity": 16.02813023029445, "capture_latency_ms": 0.11205673217773438, "sequence_number": 1}
{"exchange": "mock", "pair": "BTC-USDT", "timestamp_ms": 1754257589384, "side": "bid", "price": 49881.14229512025, "quantity": 0.5387983886866274, "capture_latency_ms": 0.11205673217773438, "sequence_number": 1}
{"exchange": "mock", "pair": "BTC-USDT", "timestamp_ms": 1754257589384, "side": "bid", "price": 49876.145686656346, "quantity": 15.648951443237493, "capture_latency_ms": 0.11205673217773438, "sequence_number": 1}
{"exchange": "mock", "pair": "BTC-USDT", "timestamp_ms": 1754257589384, "side": "bid", "price": 49871.149078192444, "quantity": 23.057984572597842, "capture_latency_ms": 0.11205673217773438, "sequence_number": 1}
{"exchange": "mock", "pair": "BTC-USDT", "timestamp_ms": 1754257589384, "side": "bid", "price": 49866.15246972854, "quantity": 14.23152436689389, "capture_latency_ms": 0.11205673217773438, "sequence_number": 1}
{"exchange": "mock", "pair": "BTC-USDT", "timestamp_ms": 1754257589384, "side": "bid", "price": 49861.15586126464, "quantity": 9.405898983733941, "capture_latency_ms": 0.11205673217773438, "sequence_number": 1}
{"exchange": "mock", "pair": "BTC-USDT", "timestamp_ms": 1754257589384, "side": "bid", "price": 49856.15925280074, "quantity": 0.9026567112619578, "capture_latency_ms": 0.11205673217773438, "sequence_number": 1}
{"exchange": "mock", "pair": "BTC-USDT", "timestamp_ms": 1754257589384, "side": "bid", "price": 49851.162644336844, "quantity": 1.9662843824656997, "capture_latency_ms": 0.11205673217773438, "sequence_number": 1}
{"exchange": "mock", "pair": "BTC-USDT", "timestamp_ms": 1754257589384, "side": "bid", "price": 49846.16603587294, "quantity": 32.88840595594887, "capture_latency_ms": 0.11205673217773438, "sequence_number": 1}
{"exchange": "mock", "pair": "BTC-USDT", "timestamp_ms": 1754257589384, "side": "bid", "price": 49841.16942740904, "quantity": 2.155010535291959, "capture_latency_ms": 0.11205673217773438, "sequence_number": 1}
{"exchange": "mock", "pair": "BTC-USDT", "timestamp_ms": 1754257589384, "side": "bid", "price": 49836.17281894514, "quantity": 33.973054431391205, "capture_latency_ms": 0.11205673217773438, "sequence_number": 1}
{"exchange": "mock", "pair": "BTC-USDT", "timestamp_ms": 1754257589384, "side": "bid", "price": 49831.17621048124, "quantity": 30.18905097770873, "capture_latency_ms": 0.11205673217773438, "sequence_number": 1}
{"exchange": "mock", "pair": "BTC-USDT", "timestamp_ms": 1754257589384, "side": "bid", "price": 49826.179602017335, "quantity": 10.616280955890812, "capture_latency_ms": 0.11205673217773438, "sequence_number": 1}
{"exchange": "mock", "pair": "BTC-USDT", "timestamp_ms": 1754257589384, "side": "bid", "price": 49821.18299355344, "quantity": 28.496539575006132, "capture_latency_ms": 0.11205673217773438, "sequence_number": 1}
{"exchange": "mock", "pair": "BTC-USDT", "timestamp_ms": 1754257589384, "side": "bid", "price": 49816.18638508954, "quantity": 5.227354467584578, "capture_latency_ms": 0.11205673217773438, "sequence_number": 1}
{"exchange": "mock", "pair": "BTC-USDT", "timestamp_ms": 1754257589384, "side": "bid", "price": 49811.18977662564, "quantity": 14.047212946513932, "capture_latency_ms": 0.11205673217773438, "sequence_number": 1}
{"exchange": "mock", "pair": "BTC-USDT", "timestamp_ms": 1754257589384, "side": "bid", "price": 49806.193168161735, "quantity": 20.683749387169865, "capture_latency_ms": 0.11205673217773438, "sequence_number": 1}
{"exchange": "mock", "pair": "BTC-USDT", "timestamp_ms": 1754257589384, "side": "bid", "price": 49801.19655969783, "quantity": 18.70752136055193, "capture_latency_ms": 0.11205673217773438, "sequence_number": 1}
{"exchange": "mock", "pair": "BTC-USDT", "timestamp_ms": 1754257589384, "side": "bid", "price": 49796.19995123393, "quantity": 20.317829475540716, "capture_latency_ms": 0.11205673217773438, "sequence_number": 1}
{"exchange": "mock", "pair": "BTC-USDT", "timestamp_ms": 1754257589384, "side": "bid", "price": 49791.20334277003, "quantity": 4.448103448470567, "capture_latency_ms": 0.11205673217773438, "sequence_number": 1}
{"exchange": "mock", "pair": "BTC-USDT", "timestamp_ms": 1754257589384, "side": "bid", "price": 49786.206734306135, "quantity": 20.206062718602183, "capture_latency_ms": 0.11205673217773438, "sequence_number": 1}
{"exchange": "mock", "pair": "BTC-USDT", "timestamp_ms": 1754257589384, "side": "bid", "price": 49781.21012584223, "quantity": 20.5053734875692, "capture_latency_ms": 0.11205673217773438, "sequence_number": 1}
{"exchange": "mock", "pair": "BTC-USDT", "timestamp_ms": 1754257589384, "side": "bid", "price": 49776.21351737833, "quantity": 1.0103612473614763, "capture_latency_ms": 0.11205673217773438, "sequence_number": 1}
{"exchange": "mock", "pair": "BTC-USDT", "timestamp_ms": 1754257589384, "side": "bid", "price": 49771.21690891443, "quantity": 29.800380862418905, "capture_latency_ms": 0.11205673217773438, "sequence_number": 1}
{"exchange": "mock", "pair": "BTC-USDT", "timestamp_ms": 1754257589384, "side": "bid", "price": 49766.22030045053, "quantity": 28.747181737553387, "capture_latency_ms": 0.11205673217773438, "sequence_number": 1}
{"exchange": "mock", "pair": "BTC-USDT", "timestamp_ms": 1754257589384, "side": "bid", "price": 49761.22369198663, "quantity": 6.3834789383529245, "capture_latency_ms": 0.11205673217773438, "sequence_number": 1}
{"exchange": "mock", "pair": "BTC-USDT", "timestamp_ms": 1754257589384, "side": "bid", "price": 49756.22708352273, "quantity": 26.26726010799317, "capture_latency_ms": 0.11205673217773438, "sequence_number": 1}
{"exchange": "mock", "pair": "BTC-USDT", "timestamp_ms": 1754257589384, "side": "bid", "price": 49751.23047505883, "quantity": 12.008498281118872, "capture_latency_ms": 0.11205673217773438, "sequence_number": 1}
{"exchange": "mock", "pair": "BTC-USDT", "timestamp_ms": 1754257589384, "side": "bid", "price": 49746.23386659493, "quantity": 47.34599980724476, "capture_latency_ms": 0.11205673217773438, "sequence_number": 1}
{"exchange": "mock", "pair": "BTC-USDT", "timestamp_ms": 1754257589384, "side": "bid", "price": 49741.23725813103, "quantity": 42.73519914237198, "capture_latency_ms": 0.11205673217773438, "sequence_number": 1}
{"exchange": "mock", "pair": "BTC-USDT", "timestamp_ms": 1754257589384, "side": "bid", "price": 49736.240649667125, "quantity": 19.353931113272616, "capture_latency_ms": 0.11205673217773438, "sequence_number": 1}
{"exchange": "mock", "pair": "BTC-USDT", "timestamp_ms": 1754257589384, "side": "bid", "price": 49731.24404120322, "quantity": 29.704323088200418, "capture_latency_ms": 0.11205673217773438, "sequence_number": 1}
{"exchange": "mock", "pair": "BTC-USDT", "timestamp_ms": 1754257589384, "side": "bid", "price": 49726.24743273933, "quantity": 47.271430091655425, "capture_latency_ms": 0.11205673217773438, "sequence_number": 1}
{"exchange": "mock", "pair": "BTC-USDT", "timestamp_ms": 1754257589384, "side": "bid", "price": 49721.25082427543, "quantity": 39.213612764569675, "capture_latency_ms": 0.11205673217773438, "sequence_number": 1}
{"exchange": "mock", "pair": "BTC-USDT", "timestamp_ms": 1754257589384, "side": "bid", "price": 49716.254215811525, "quantity": 37.9694114364655, "capture_latency_ms": 0.11205673217773438, "sequence_number": 1}
{"exchange": "mock", "pair": "BTC-USDT", "timestamp_ms": 1754257589384, "side": "bid", "price": 49711.25760734762, "quantity": 18.205778955626226, "capture_latency_ms": 0.11205673217773438, "sequence_number": 1}
{"exchange": "mock", "pair": "BTC-USDT", "timestamp_ms": 1754257589384, "side": "bid", "price": 49706.26099888372, "quantity": 52.50628592996397, "capture_latency_ms": 0.11205673217773438, "sequence_number": 1}
{"exchange": "mock", "pair": "BTC-USDT", "timestamp_ms": 1754257589384, "side": "bid", "price": 49701.26439041982, "quantity": 35.588269351061484, "capture_latency_ms": 0.11205673217773438, "sequence_number": 1}
{"exchange": "mock", "pair": "BTC-USDT", "timestamp_ms": 1754257589384, "side": "bid", "price": 49696.26778195592, "quantity": 52.87864405423025, "capture_latency_ms": 0.11205673217773438, "sequence_number": 1}
{"exchange": "mock", "pair": "BTC-USDT", "timestamp_ms": 1754257589384, "side": "bid", "price": 49691.27117349202, "quantity": 36.435455862088354, "capture_latency_ms": 0.11205673217773438, "sequence_number": 1}
{"exchange": "mock", "pair": "BTC-USDT", "timestamp_ms": 1754257589384, "side": "bid", "price": 49686.27456502812, "quantity": 63.642358451694534, "capture_latency_ms": 0.11205673217773438, "sequence_number": 1}
{"exchange": "mock", "pair": "BTC-USDT", "timestamp_ms": 1754257589384, "side": "bid", "price": 49681.27795656422, "quantity": 31.342375002240168, "capture_latency_ms": 0.11205673217773438, "sequence_number": 1}
{"exchange": "mock", "pair": "BTC-USDT", "timestamp_ms": 1754257589384, "side": "bid", "price": 49676.28134810032, "quantity": 54.26693104765813, "capture_latency_ms": 0.11205673217773438, "sequence_number": 1}
{"exchange": "mock", "pair": "BTC-USDT", "timestamp_ms": 1754257589384, "side": "bid", "price": 49671.284739636416, "quantity": 18.52744032998146, "capture_latency_ms": 0.11205673217773438, "sequence_number": 1}
{"exchange": "mock", "pair": "BTC-USDT", "timestamp_ms": 1754257589384, "side": "bid", "price": 49666.288131172514, "quantity": 50.88810157098349, "capture_latency_ms": 0.11205673217773438, "sequence_number": 1}
{"exchange": "mock", "pair": "BTC-USDT", "timestamp_ms": 1754257589384, "side": "bid", "price": 49661.29152270862, "quantity": 63.93095248679734, "capture_latency_ms": 0.11205673217773438, "sequence_number": 1}
{"exchange": "mock", "pair": "BTC-USDT", "timestamp_ms": 1754257589384, "side": "bid", "price": 49656.29491424472, "quantity": 69.92127731722067, "capture_latency_ms": 0.11205673217773438, "sequence_number": 1}
{"exchange": "mock", "pair": "BTC-USDT", "timestamp_ms": 1754257589384, "side": "bid", "price": 49651.298305780816, "quantity": 33.6932352315542, "capture_latency_ms": 0.11205673217773438, "sequence_number": 1}
{"exchange": "mock", "pair": "BTC-USDT", "timestamp_ms": 1754257589384, "side": "bid", "price": 49646.301697316914, "quantity": 1.854115679795436, "capture_latency_ms": 0.11205673217773438, "sequence_number": 1}
{"exchange": "mock", "pair": "BTC-USDT", "timestamp_ms": 1754257589384, "side": "bid", "price": 49641.30508885301, "quantity": 51.765808316041976, "capture_latency_ms": 0.11205673217773438, "sequence_number": 1}
{"exchange": "mock", "pair": "BTC-USDT", "timestamp_ms": 1754257589384, "side": "bid", "price": 49636.30848038911, "quantity": 36.59513290042488, "capture_latency_ms": 0.11205673217773438, "sequence_number": 1}
{"exchange": "mock", "pair": "BTC-USDT", "timestamp_ms": 1754257589384, "side": "bid", "price": 49631.31187192521, "quantity": 76.23052570951599, "capture_latency_ms": 0.11205673217773438, "sequence_number": 1}
{"exchange": "mock", "pair": "BTC-USDT", "timestamp_ms": 1754257589384, "side": "bid", "price": 49626.315263461314, "quantity": 46.02735733285851, "capture_latency_ms": 0.11205673217773438, "sequence_number": 1}
{"exchange": "mock", "pair": "BTC-USDT", "timestamp_ms": 1754257589384, "side": "bid", "price": 49621.31865499741, "quantity": 26.286098123884393, "capture_latency_ms": 0.11205673217773438, "sequence_number": 1}
{"exchange": "mock", "pair": "BTC-USDT", "timestamp_ms": 1754257589384, "side": "bid", "price": 49616.32204653351, "quantity": 53.31932088211011, "capture_latency_ms": 0.11205673217773438, "sequence_number": 1}
{"exchange": "mock", "pair": "BTC-USDT", "timestamp_ms": 1754257589384, "side": "bid", "price": 49611.32543806961, "quantity": 78.62529783952235, "capture_latency_ms": 0.11205673217773438, "sequence_number": 1}
{"exchange": "mock", "pair": "BTC-USDT", "timestamp_ms": 1754257589384, "side": "bid", "price": 49606.32882960571, "quantity": 55.65848450558007, "capture_latency_ms": 0.11205673217773438, "sequence_number": 1}
{"exchange": "mock", "pair": "BTC-USDT", "timestamp_ms": 1754257589384, "side": "bid", "price": 49601.332221141805, "quantity": 11.69783276511613, "capture_latency_ms": 0.11205673217773438, "sequence_number": 1}
{"exchange": "mock", "pair": "BTC-USDT", "timestamp_ms": 1754257589384, "side": "bid", "price": 49596.33561267791, "quantity": 58.580488555445314, "capture_latency_ms": 0.11205673217773438, "sequence_number": 1}
{"exchange": "mock", "pair": "BTC-USDT", "timestamp_ms": 1754257589384, "side": "bid", "price": 49591.33900421401, "quantity": 14.922006393533845, "capture_latency_ms": 0.11205673217773438, "sequence_number": 1}
{"exchange": "mock", "pair": "BTC-USDT", "timestamp_ms": 1754257589384, "side": "bid", "price": 49586.34239575011, "quantity": 39.8223882394673, "capture_latency_ms": 0.11205673217773438, "sequence_number": 1}
{"exchange": "mock", "pair": "BTC-USDT", "timestamp_ms": 1754257589384, "side": "bid", "price": 49581.345787286205, "quantity": 82.70133646334322, "capture_latency_ms": 0.11205673217773438, "sequence_number": 1}
{"exchange": "mock", "pair": "BTC-USDT", "timestamp_ms": 1754257589384, "side": "bid", "price": 49576.349178822304, "quantity": 57.73332262519628, "capture_latency_ms": 0.11205673217773438, "sequence_number": 1}
{"exchange": "mock", "pair": "BTC-USDT", "timestamp_ms": 1754257589384, "side": "bid", "price": 49571.3525703584, "quantity": 9.82603498665033, "capture_latency_ms": 0.11205673217773438, "sequence_number": 1}
{"exchange": "mock", "pair": "BTC-USDT", "timestamp_ms": 1754257589384, "side": "bid", "price": 49566.35596189451, "quantity": 33.22500043189856, "capture_latency_ms": 0.11205673217773438, "sequence_number": 1}
{"exchange": "mock", "pair": "BTC-USDT", "timestamp_ms": 1754257589384, "side": "bid", "price": 49561.359353430606, "quantity": 19.373551144385782, "capture_latency_ms": 0.11205673217773438, "sequence_number": 1}
{"exchange": "mock", "pair": "BTC-USDT", "timestamp_ms": 1754257589384, "side": "bid", "price": 49556.362744966704, "quantity": 71.36539547097192, "capture_latency_ms": 0.11205673217773438, "sequence_number": 1}
{"exchange": "mock", "pair": "BTC-USDT", "timestamp_ms": 1754257589384, "side": "bid", "price": 49551.3661365028, "quantity": 91.876961476573, "capture_latency_ms": 0.11205673217773438, "sequence_number": 1}
{"exchange": "mock", "pair": "BTC-USDT", "timestamp_ms": 1754257589384, "side": "bid", "price": 49546.3695280389, "quantity": 74.71882952596694, "capture_latency_ms": 0.11205673217773438, "sequence_number": 1}
{"exchange": "mock", "pair": "BTC-USDT", "timestamp_ms": 1754257589384, "side": "bid", "price": 49541.372919575, "quantity": 57.24872459117981, "capture_latency_ms": 0.11205673217773438, "sequence_number": 1}
{"exchange": "mock", "pair": "BTC-USDT", "timestamp_ms": 1754257589384, "side": "bid", "price": 49536.3763111111, "quantity": 32.56987758328122, "capture_latency_ms": 0.11205673217773438, "sequence_number": 1}
{"exchange": "mock", "pair": "BTC-USDT", "timestamp_ms": 1754257589384, "side": "bid", "price": 49531.3797026472, "quantity": 39.3835045872335, "capture_latency_ms": 0.11205673217773438, "sequence_number": 1}
{"exchange": "mock", "pair": "BTC-USDT", "timestamp_ms": 1754257589384, "side": "bid", "price": 49526.3830941833, "quantity": 87.38239893930704, "capture_latency_ms": 0.11205673217773438, "sequence_number": 1}
{"exchange": "mock", "pair": "BTC-USDT", "timestamp_ms": 1754257589384, "side": "bid", "price": 49521.3864857194, "quantity": 72.44366088273453, "capture_latency_ms": 0.11205673217773438, "sequence_number": 1}
{"exchange": "mock", "pair": "BTC-USDT", "timestamp_ms": 1754257589384, "side": "bid", "price": 49516.3898772555, "quantity": 29.3531217898379, "capture_latency_ms": 0.11205673217773438, "sequence_number": 1}
{"exchange": "mock", "pair": "BTC-USDT", "timestamp_ms": 1754257589384, "side": "bid", "price": 49511.393268791595, "quantity": 46.26552817382365, "capture_latency_ms": 0.11205673217773438, "sequence_number": 1}
{"exchange": "mock", "pair": "BTC-USDT", "timestamp_ms": 1754257589384, "side": "bid", "price": 49506.39666032769, "quantity": 94.71011936442112, "capture_latency_ms": 0.11205673217773438, "sequence_number": 1}
{"exchange": "mock", "pair": "BTC-USDT", "timestamp_ms": 1754257589384, "side": "bid", "price": 49501.4000518638, "quantity": 61.80787062083567, "capture_latency_ms": 0.11205673217773438, "sequence_number": 1}
{"exchange": "mock", "pair": "BTC-USDT", "timestamp_ms": 1754257589384, "side": "bid", "price": 49496.4034433999, "quantity": 61.23194690371466, "capture_latency_ms": 0.11205673217773438, "sequence_number": 1}
{"exchange": "mock", "pair": "BTC-USDT", "timestamp_ms": 1754257589384, "side": "bid", "price": 49491.406834935995, "quantity": 89.42216651926984, "capture_latency_ms": 0.11205673217773438, "sequence_number": 1}
{"exchange": "mock", "pair": "BTC-USDT", "timestamp_ms": 1754257589384, "side": "bid", "price": 49486.41022647209, "quantity": 41.193800821514586, "capture_latency_ms": 0.11205673217773438, "sequence_number": 1}
{"exchange": "mock", "pair": "BTC-USDT", "timestamp_ms": 1754257589384, "side": "bid", "price": 49481.41361800819, "quantity": 16.51436040303387, "capture_latency_ms": 0.11205673217773438, "sequence_number": 1}
{"exchange": "mock", "pair": "BTC-USDT", "timestamp_ms": 1754257589384, "side": "bid", "price": 49476.41700954429, "quantity": 53.26438335007073, "capture_latency_ms": 0.11205673217773438, "sequence_number": 1}
{"exchange": "mock", "pair": "BTC-USDT", "timestamp_ms": 1754257589384, "side": "bid", "price": 49471.42040108039, "quantity": 1.8512556305525083, "capture_latency_ms": 0.11205673217773438, "sequence_number": 1}
{"exchange": "mock", "pair": "BTC-USDT", "timestamp_ms": 1754257589384, "side": "ask", "price": 49966.084639006556, "quantity": 6.6758090565118415, "capture_latency_ms": 0.11205673217773438, "sequence_number": 1}
{"exchange": "mock", "pair": "BTC-USDT", "timestamp_ms": 1754257589384, "side": "ask", "price": 49971.08124747046, "quantity": 0.8868856126239959, "capture_latency_ms": 0.11205673217773438, "sequence_number": 1}
{"exchange": "mock", "pair": "BTC-USDT", "timestamp_ms": 1754257589384, "side": "ask", "price": 49976.07785593436, "quantity": 1.5803605759550141, "capture_latency_ms": 0.11205673217773438, "sequence_number": 1}
{"exchange": "mock", "pair": "BTC-USDT", "timestamp_ms": 1754257589384, "side": "ask", "price": 49981.07446439826, "quantity": 4.7488738218759865, "capture_latency_ms": 0.11205673217773438, "sequence_number": 1}
{"exchange": "mock", "pair": "BTC-USDT", "timestamp_ms": 1754257589384, "side": "ask", "price": 49986.071072862156, "quantity": 2.444584453535143, "capture_latency_ms": 0.11205673217773438, "sequence_number": 1}
{"exchange": "mock", "pair": "BTC-USDT", "timestamp_ms": 1754257589384, "side": "ask", "price": 49991.06768132606, "quantity": 2.452233029509655, "capture_latency_ms": 0.11205673217773438, "sequence_number": 1}
{"exchange": "mock", "pair": "BTC-USDT", "timestamp_ms": 1754257589384, "side": "ask", "price": 49996.06428978996, "quantity": 0.4014775384489238, "capture_latency_ms": 0.11205673217773438, "sequence_number": 1}
{"exchange": "mock", "pair": "BTC-USDT", "timestamp_ms": 1754257589384, "side": "ask", "price": 50001.06089825386, "quantity": 4.930403374017526, "capture_latency_ms": 0.11205673217773438, "sequence_number": 1}
{"exchange": "mock", "pair": "BTC-USDT", "timestamp_ms": 1754257589384, "side": "ask", "price": 50006.05750671776, "quantity": 5.598494240393065, "capture_latency_ms": 0.11205673217773438, "sequence_number": 1}
{"exchange": "mock", "pair": "BTC-USDT", "timestamp_ms": 1754257589384, "side": "ask", "price": 50011.054115181665, "quantity": 3.2128645708158534, "capture_latency_ms": 0.11205673217773438, "sequence_number": 1}
{"exchange": "mock", "pair": "BTC-USDT", "timestamp_ms": 1754257589384, "side": "ask", "price": 50016.05072364556, "quantity": 0.9309843733897533, "capture_latency_ms": 0.11205673217773438, "sequence_number": 1}
{"exchange": "mock", "pair": "BTC-USDT", "timestamp_ms": 1754257589384, "side": "ask", "price": 50021.04733210946, "quantity": 1.6521398225663564, "capture_latency_ms": 0.11205673217773438, "sequence_number": 1}
{"exchange": "mock", "pair": "BTC-USDT", "timestamp_ms": 1754257589384, "side": "ask", "price": 50026.04394057336, "quantity": 1.2954656617640035, "capture_latency_ms": 0.11205673217773438, "sequence_number": 1}
{"exchange": "mock", "pair": "BTC-USDT", "timestamp_ms": 1754257589384, "side": "ask", "price": 50031.040549037265, "quantity": 0.5032073932285901, "capture_latency_ms": 0.11205673217773438, "sequence_number": 1}
{"exchange": "mock", "pair": "BTC-USDT", "timestamp_ms": 1754257589384, "side": "ask", "price": 50036.03715750117, "quantity": 1.8962272767571526, "capture_latency_ms": 0.11205673217773438, "sequence_number": 1}
{"exchange": "mock", "pair": "BTC-USDT", "timestamp_ms": 1754257589384, "side": "ask", "price": 50041.03376596507, "quantity": 1.2482765519078043, "capture_latency_ms": 0.11205673217773438, "sequence_number": 1}
{"exchange": "mock", "pair": "BTC-USDT", "timestamp_ms": 1754257589384, "side": "ask", "price": 50046.03037442896, "quantity": 1.0962199626331217, "capture_latency_ms": 0.11205673217773438, "sequence_number": 1}
{"exchange": "mock", "pair": "BTC-USDT", "timestamp_ms": 1754257589384, "side": "ask", "price": 50051.026982892865, "quantity": 0.39511392302100773, "capture_latency_ms": 0.11205673217773438, "sequence_number": 1}
{"exchange": "mock", "pair": "BTC-USDT", "timestamp_ms": 1754257589384, "side": "ask", "price": 50056.02359135677, "quantity": 0.8009653271715829, "capture_latency_ms": 0.11205673217773438, "sequence_number": 1}
{"exchange": "mock", "pair": "BTC-USDT", "timestamp_ms": 1754257589384, "side": "ask", "price": 50061.02019982067, "quantity": 0.3947753123282636, "capture_latency_ms": 0.11205673217773438, "sequence_number": 1}
{"exchange": "mock", "pair": "BTC-USDT", "timestamp_ms": 1754257589384, "side": "ask", "price": 50066.01680828457, "quantity": 0.0, "capture_latency_ms": 0.11205673217773438, "sequence_number": 1}
{"exchange": "mock", "pair": "BTC-USDT", "timestamp_ms": 1754257589384, "side": "ask", "price": 50071.01341674847, "quantity": -0.2577366847916769, "capture_latency_ms": 0.11205673217773438, "sequence_number": 1}
{"exchange": "mock", "pair": "BTC-USDT", "timestamp_ms": 1754257589384, "side": "ask", "price": 50076.010025212374, "quantity": -0.63168489646502, "capture_latency_ms": 0.11205673217773438, "sequence_number": 1}
{"exchange": "mock", "pair": "BTC-USDT", "timestamp_ms": 1754257589384, "side": "ask", "price": 50081.00663367627, "quantity": -1.139609501439746, "capture_latency_ms": 0.11205673217773438, "sequence_number": 1}
{"exchange": "mock", "pair": "BTC-USDT", "timestamp_ms": 1754257589384, "side": "ask", "price": 50086.00324214017, "quantity": -1.1093234940488474, "capture_latency_ms": 0.11205673217773438, "sequence_number": 1}
{"exchange": "mock", "pair": "BTC-USDT", "timestamp_ms": 1754257589384, "side": "ask", "price": 50090.99985060407, "quantity": -1.993524779720184, "capture_latency_ms": 0.11205673217773438, "sequence_number": 1}
{"exchange": "mock", "pair": "BTC-USDT", "timestamp_ms": 1754257589384, "side": "ask", "price": 50095.996459067974, "quantity": -2.906611807070654, "capture_latency_ms": 0.11205673217773438, "sequence_number": 1}
{"exchange": "mock", "pair": "BTC-USDT", "timestamp_ms": 1754257589384, "side": "ask", "price": 50100.993067531876, "quantity": -2.128040259207979, "capture_latency_ms": 0.11205673217773438, "sequence_number": 1}
{"exchange": "mock", "pair": "BTC-USDT", "timestamp_ms": 1754257589384, "side": "ask", "price": 50105.98967599578, "quantity": -3.5647773262173, "capture_latency_ms": 0.11205673217773438, "sequence_number": 1}
{"exchange": "mock", "pair": "BTC-USDT", "timestamp_ms": 1754257589384, "side": "ask", "price": 50110.98628445967, "quantity": -4.244051102620562, "capture_latency_ms": 0.11205673217773438, "sequence_number": 1}
{"exchange": "mock", "pair": "BTC-USDT", "timestamp_ms": 1754257589384, "side": "ask", "price": 50115.982892923574, "quantity": -2.5347344038031965, "capture_latency_ms": 0.11205673217773438, "sequence_number": 1}
{"exchange": "mock", "pair": "BTC-USDT", "timestamp_ms": 1754257589384, "side": "ask", "price": 50120.979501387475, "quantity": -3.4863098250218467, "capture_latency_ms": 0.11205673217773438, "sequence_number": 1}
{"exchange": "mock", "pair": "BTC-USDT", "timestamp_ms": 1754257589384, "side": "ask", "price": 50125.97610985138, "quantity": -3.657797064771916, "capture_latency_ms": 0.11205673217773438, "sequence_number": 1}
{"exchange": "mock", "pair": "BTC-USDT", "timestamp_ms": 1754257589384, "side": "ask", "price": 50130.97271831528, "quantity": -2.318566632867764, "capture_latency_ms": 0.11205673217773438, "sequence_number": 1}
{"exchange": "mock", "pair": "BTC-USDT", "timestamp_ms": 1754257589384, "side": "ask", "price": 50135.96932677918, "quantity": -3.6565518200050846, "capture_latency_ms": 0.11205673217773438, "sequence_number": 1}
{"exchange": "mock", "pair": "BTC-USDT", "timestamp_ms": 1754257589384, "side": "ask", "price": 50140.96593524308, "quantity": -1.7437219132136716, "capture_latency_ms": 0.11205673217773438, "sequence_number": 1}
{"exchange": "mock", "pair": "BTC-USDT", "timestamp_ms": 1754257589384, "side": "ask", "price": 50145.96254370698, "quantity": -0.38830067953799463, "capture_latency_ms": 0.11205673217773438, "sequence_number": 1}
{"exchange": "mock", "pair": "BTC-USDT", "timestamp_ms": 1754257589384, "side": "ask", "price": 50150.95915217088, "quantity": -8.353419033933868, "capture_latency_ms": 0.11205673217773438, "sequence_number": 1}
{"exchange": "mock", "pair": "BTC-USDT", "timestamp_ms": 1754257589384, "side": "ask", "price": 50155.95576063478, "quantity": -5.599812989882057, "capture_latency_ms": 0.11205673217773438, "sequence_number": 1}
{"exchange": "mock", "pair": "BTC-USDT", "timestamp_ms": 1754257589384, "side": "ask", "price": 50160.95236909868, "quantity": -9.317053648031404, "capture_latency_ms": 0.11205673217773438, "sequence_number": 1}
{"exchange": "mock", "pair": "BTC-USDT", "timestamp_ms": 1754257589384, "side": "ask", "price": 50165.948977562584, "quantity": -0.2619042741874084, "capture_latency_ms": 0.11205673217773438, "sequence_number": 1}
{"exchange": "mock", "pair": "BTC-USDT", "timestamp_ms": 1754257589384, "side": "ask", "price": 50170.945586026486, "quantity": -7.460046933649053, "capture_latency_ms": 0.11205673217773438, "sequence_number": 1}
{"exchange": "mock", "pair": "BTC-USDT", "timestamp_ms": 1754257589384, "side": "ask", "price": 50175.94219449038, "quantity": -5.044102214247495, "capture_latency_ms": 0.11205673217773438, "sequence_number": 1}
{"exchange": "mock", "pair": "BTC-USDT", "timestamp_ms": 1754257589384, "side": "ask", "price": 50180.93880295428, "quantity": -6.620295348761274, "capture_latency_ms": 0.11205673217773438, "sequence_number": 1}
{"exchange": "mock", "pair": "BTC-USDT", "timestamp_ms": 1754257589384, "side": "ask", "price": 50185.935411418184, "quantity": -1.5180432503619743, "capture_latency_ms": 0.11205673217773438, "sequence_number": 1}
{"exchange": "mock", "pair": "BTC-USDT", "timestamp_ms": 1754257589384, "side": "ask", "price": 50190.932019882086, "quantity": -4.190351255336138, "capture_latency_ms": 0.11205673217773438, "sequence_number": 1}
{"exchange": "mock", "pair": "BTC-USDT", "timestamp_ms": 1754257589384, "side": "ask", "price": 50195.92862834599, "quantity": -8.154865822877703, "capture_latency_ms": 0.11205673217773438, "sequence_number": 1}
{"exchange": "mock", "pair": "BTC-USDT", "timestamp_ms": 1754257589384, "side": "ask", "price": 50200.92523680989, "quantity": -0.2897836545308265, "capture_latency_ms": 0.11205673217773438, "sequence_number": 1}
{"exchange": "mock", "pair": "BTC-USDT", "timestamp_ms": 1754257589384, "side": "ask", "price": 50205.921845273784, "quantity": -1.3936612580923684, "capture_latency_ms": 0.11205673217773438, "sequence_number": 1}
{"exchange": "mock", "pair": "BTC-USDT", "timestamp_ms": 1754257589384, "side": "ask", "price": 50210.918453737686, "quantity": -5.073187849573547, "capture_latency_ms": 0.11205673217773438, "sequence_number": 1}
{"exchange": "mock", "pair": "BTC-USDT", "timestamp_ms": 1754257589384, "side": "ask", "price": 50215.91506220159, "quantity": -9.698118389101086, "capture_latency_ms": 0.11205673217773438, "sequence_number": 1}
{"exchange": "mock", "pair": "BTC-USDT", "timestamp_ms": 1754257589384, "side": "ask", "price": 50220.91167066549, "quantity": -14.216272524580749, "capture_latency_ms": 0.11205673217773438, "sequence_number": 1}
{"exchange": "mock", "pair": "BTC-USDT", "timestamp_ms": 1754257589384, "side": "ask", "price": 50225.90827912939, "quantity": -1.069044429830162, "capture_latency_ms": 0.11205673217773438, "sequence_number": 1}
{"exchange": "mock", "pair": "BTC-USDT", "timestamp_ms": 1754257589384, "side": "ask", "price": 50230.90488759329, "quantity": -15.687553227858963, "capture_latency_ms": 0.11205673217773438, "sequence_number": 1}
{"exchange": "mock", "pair": "BTC-USDT", "timestamp_ms": 1754257589384, "side": "ask", "price": 50235.901496057195, "quantity": -11.689723075785421, "capture_latency_ms": 0.11205673217773438, "sequence_number": 1}
{"exchange": "mock", "pair": "BTC-USDT", "timestamp_ms": 1754257589384, "side": "ask", "price": 50240.89810452109, "quantity": -14.227631497845262, "capture_latency_ms": 0.11205673217773438, "sequence_number": 1}
{"exchange": "mock", "pair": "BTC-USDT", "timestamp_ms": 1754257589384, "side": "ask", "price": 50245.89471298499, "quantity": -7.774953220307208, "capture_latency_ms": 0.11205673217773438, "sequence_number": 1}
{"exchange": "mock", "pair": "BTC-USDT", "timestamp_ms": 1754257589384, "side": "ask", "price": 50250.89132144889, "quantity": -11.336609264333054, "capture_latency_ms": 0.11205673217773438, "sequence_number": 1}
{"exchange": "mock", "pair": "BTC-USDT", "timestamp_ms": 1754257589384, "side": "ask", "price": 50255.887929912795, "quantity": -0.30672924270324703, "capture_latency_ms": 0.11205673217773438, "sequence_number": 1}
{"exchange": "mock", "pair": "BTC-USDT", "timestamp_ms": 1754257589384, "side": "ask", "price": 50260.8845383767, "quantity": -3.3432876858426575, "capture_latency_ms": 0.11205673217773438, "sequence_number": 1}
{"exchange": "mock", "pair": "BTC-USDT", "timestamp_ms": 1754257589384, "side": "ask", "price": 50265.8811468406, "quantity": -7.8175525081872435, "capture_latency_ms": 0.11205673217773438, "sequence_number": 1}
{"exchange": "mock", "pair": "BTC-USDT", "timestamp_ms": 1754257589384, "side": "ask", "price": 50270.87775530449, "quantity": -6.479169909983649, "capture_latency_ms": 0.11205673217773438, "sequence_number": 1}
{"exchange": "mock", "pair": "BTC-USDT", "timestamp_ms": 1754257589384, "side": "ask", "price": 50275.874363768395, "quantity": -15.132711646504752, "capture_latency_ms": 0.11205673217773438, "sequence_number": 1}
{"exchange": "mock", "pair": "BTC-USDT", "timestamp_ms": 1754257589384, "side": "ask", "price": 50280.8709722323, "quantity": -11.06945951400788, "capture_latency_ms": 0.11205673217773438, "sequence_number": 1}
{"exchange": "mock", "pair": "BTC-USDT", "timestamp_ms": 1754257589384, "side": "ask", "price": 50285.8675806962, "quantity": -7.825035321443966, "capture_latency_ms": 0.11205673217773438, "sequence_number": 1}
{"exchange": "mock", "pair": "BTC-USDT", "timestamp_ms": 1754257589384, "side": "ask", "price": 50290.8641891601, "quantity": -14.54182449950671, "capture_latency_ms": 0.11205673217773438, "sequence_number": 1}
{"exchange": "mock", "pair": "BTC-USDT", "timestamp_ms": 1754257589384, "side": "ask", "price": 50295.860797624, "quantity": -19.3815741335742, "capture_latency_ms": 0.11205673217773438, "sequence_number": 1}
{"exchange": "mock", "pair": "BTC-USDT", "timestamp_ms": 1754257589384, "side": "ask", "price": 50300.857406087904, "quantity": -12.978015176634374, "capture_latency_ms": 0.11205673217773438, "sequence_number": 1}
{"exchange": "mock", "pair": "BTC-USDT", "timestamp_ms": 1754257589384, "side": "ask", "price": 50305.8540145518, "quantity": -14.526519867203147, "capture_latency_ms": 0.11205673217773438, "sequence_number": 1}
{"exchange": "mock", "pair": "BTC-USDT", "timestamp_ms": 1754257589384, "side": "ask", "price": 50310.8506230157, "quantity": -10.372065050335765, "capture_latency_ms": 0.11205673217773438, "sequence_number": 1}
{"exchange": "mock", "pair": "BTC-USDT", "timestamp_ms": 1754257589384, "side": "ask", "price": 50315.8472314796, "quantity": -8.48839378230535, "capture_latency_ms": 0.11205673217773438, "sequence_number": 1}
{"exchange": "mock", "pair": "BTC-USDT", "timestamp_ms": 1754257589384, "side": "ask", "price": 50320.8438399435, "quantity": -21.236716870571463, "capture_latency_ms": 0.11205673217773438, "sequence_number": 1}
{"exchange": "mock", "pair": "BTC-USDT", "timestamp_ms": 1754257589384, "side": "ask", "price": 50325.840448407405, "quantity": -1.2889624904836436, "capture_latency_ms": 0.11205673217773438, "sequence_number": 1}
{"exchange": "mock", "pair": "BTC-USDT", "timestamp_ms": 1754257589384, "side": "ask", "price": 50330.83705687131, "quantity": -7.07629665624184, "capture_latency_ms": 0.11205673217773438, "sequence_number": 1}
{"exchange": "mock", "pair": "BTC-USDT", "timestamp_ms": 1754257589384, "side": "ask", "price": 50335.8336653352, "quantity": -5.753992958497866, "capture_latency_ms": 0.11205673217773438, "sequence_number": 1}
{"exchange": "mock", "pair": "BTC-USDT", "timestamp_ms": 1754257589384, "side": "ask", "price": 50340.8302737991, "quantity": -21.078803249473015, "capture_latency_ms": 0.11205673217773438, "sequence_number": 1}
{"exchange": "mock", "pair": "BTC-USDT", "timestamp_ms": 1754257589384, "side": "ask", "price": 50345.826882263005, "quantity": -24.926374000849336, "capture_latency_ms": 0.11205673217773438, "sequence_number": 1}
{"exchange": "mock", "pair": "BTC-USDT", "timestamp_ms": 1754257589384, "side": "ask", "price": 50350.82349072691, "quantity": -24.697027122551184, "capture_latency_ms": 0.11205673217773438, "sequence_number": 1}
{"exchange": "mock", "pair": "BTC-USDT", "timestamp_ms": 1754257589384, "side": "ask", "price": 50355.82009919081, "quantity": -9.1538360566619, "capture_latency_ms": 0.11205673217773438, "sequence_number": 1}
{"exchange": "mock", "pair": "BTC-USDT", "timestamp_ms": 1754257589384, "side": "ask", "price": 50360.81670765471, "quantity": -4.55135123714236, "capture_latency_ms": 0.11205673217773438, "sequence_number": 1}
{"exchange": "mock", "pair": "BTC-USDT", "timestamp_ms": 1754257589384, "side": "ask", "price": 50365.813316118605, "quantity": -26.063521718326918, "capture_latency_ms": 0.11205673217773438, "sequence_number": 1}
{"exchange": "mock", "pair": "BTC-USDT", "timestamp_ms": 1754257589384, "side": "ask", "price": 50370.80992458251, "quantity": -6.221027153762514, "capture_latency_ms": 0.11205673217773438, "sequence_number": 1}
{"exchange": "mock", "pair": "BTC-USDT", "timestamp_ms": 1754257589384, "side": "ask", "price": 50375.80653304641, "quantity": -30.817996826048628, "capture_latency_ms": 0.11205673217773438, "sequence_number": 1}
{"exchange": "mock", "pair": "BTC-USDT", "timestamp_ms": 1754257589384, "side": "ask", "price": 50380.80314151031, "quantity": -16.779786371250044, "capture_latency_ms": 0.11205673217773438, "sequence_number": 1}
{"exchange": "mock", "pair": "BTC-USDT", "timestamp_ms": 1754257589384, "side": "ask", "price": 50385.79974997421, "quantity": -13.86466022157971, "capture_latency_ms": 0.11205673217773438, "sequence_number": 1}
{"exchange": "mock", "pair": "BTC-USDT", "timestamp_ms": 1754257589384, "side": "ask", "price": 50390.796358438114, "quantity": -12.910577660634763, "capture_latency_ms": 0.11205673217773438, "sequence_number": 1}
{"exchange": "mock", "pair": "BTC-USDT", "timestamp_ms": 1754257589384, "side": "ask", "price": 50395.792966902016, "quantity": -32.51277314123537, "capture_latency_ms": 0.11205673217773438, "sequence_number": 1}
{"exchange": "mock", "pair": "BTC-USDT", "timestamp_ms": 1754257589384, "side": "ask", "price": 50400.78957536591, "quantity": -12.633154106285454, "capture_latency_ms": 0.11205673217773438, "sequence_number": 1}
{"exchange": "mock", "pair": "BTC-USDT", "timestamp_ms": 1754257589384, "side": "ask", "price": 50405.78618382981, "quantity": -18.927842631718878, "capture_latency_ms": 0.11205673217773438, "sequence_number": 1}
{"exchange": "mock", "pair": "BTC-USDT", "timestamp_ms": 1754257589384, "side": "ask", "price": 50410.782792293714, "quantity": -24.85201948507395, "capture_latency_ms": 0.11205673217773438, "sequence_number": 1}
{"exchange": "mock", "pair": "BTC-USDT", "timestamp_ms": 1754257589384, "side": "ask", "price": 50415.779400757616, "quantity": -14.379427974569161, "capture_latency_ms": 0.11205673217773438, "sequence_number": 1}
{"exchange": "mock", "pair": "BTC-USDT", "timestamp_ms": 1754257589384, "side": "ask", "price": 50420.77600922152, "quantity": -3.309014318657235, "capture_latency_ms": 0.11205673217773438, "sequence_number": 1}
{"exchange": "mock", "pair": "BTC-USDT", "timestamp_ms": 1754257589384, "side": "ask", "price": 50425.77261768542, "quantity": -29.999659485791828, "capture_latency_ms": 0.11205673217773438, "sequence_number": 1}
{"exchange": "mock", "pair": "BTC-USDT", "timestamp_ms": 1754257589384, "side": "ask", "price": 50430.769226149314, "quantity": -6.828095380360613, "capture_latency_ms": 0.11205673217773438, "sequence_number": 1}
{"exchange": "mock", "pair": "BTC-USDT", "timestamp_ms": 1754257589384, "side": "ask", "price": 50435.765834613216, "quantity": -32.24894659400846, "capture_latency_ms": 0.11205673217773438, "sequence_number": 1}
{"exchange": "mock", "pair": "BTC-USDT", "timestamp_ms": 1754257589384, "side": "ask", "price": 50440.76244307712, "quantity": -16.5659535493264, "capture_latency_ms": 0.11205673217773438, "sequence_number": 1}
{"exchange": "mock", "pair": "BTC-USDT", "timestamp_ms": 1754257589384, "side": "ask", "price": 50445.75905154102, "quantity": -11.322999159428079, "capture_latency_ms": 0.11205673217773438, "sequence_number": 1}
{"exchange": "mock", "pair": "BTC-USDT", "timestamp_ms": 1754257589384, "side": "ask", "price": 50450.75566000492, "quantity": -18.555815671602115, "capture_latency_ms": 0.11205673217773438, "sequence_number": 1}
{"exchange": "mock", "pair": "BTC-USDT", "timestamp_ms": 1754257589384, "side": "ask", "price": 50455.75226846882, "quantity": -20.015810752752557, "capture_latency_ms": 0.11205673217773438, "sequence_number": 1}
{"exchange": "mock", "pair": "BTC-USDT", "timestamp_ms": 1754257589384, "side": "ask", "price": 50460.748876932725, "quantity": -26.693467259527264, "capture_latency_ms": 0.11205673217773438, "sequence_number": 1}
{"exchange": "mock", "pair": "ETH-USDT", "timestamp_ms": 1754257589384, "side": "bid", "price": 3002.865787512556, "quantity": 7.827072159025902, "capture_latency_ms": 0.2701282501220703, "sequence_number": 1}
{"exchange": "mock", "pair": "ETH-USDT", "timestamp_ms": 1754257589384, "side": "bid", "price": 3002.5655009338047, "quantity": 7.786510338518742, "capture_latency_ms": 0.2701282501220703, "sequence_number": 1}
{"exchange": "mock", "pair": "ETH-USDT", "timestamp_ms": 1754257589384, "side": "bid", "price": 3002.2652143550536, "quantity": 7.1163213547125945, "capture_latency_ms": 0.2701282501220703, "sequence_number": 1}
{"exchange": "mock", "pair": "ETH-USDT", "timestamp_ms": 1754257589384, "side": "bid", "price": 3001.9649277763024, "quantity": 12.224026843005765, "capture_latency_ms": 0.2701282501220703, "sequence_number": 1}
{"exchange": "mock", "pair": "ETH-USDT", "timestamp_ms": 1754257589384, "side": "bid", "price": 3001.6646411975507, "quantity": 6.045046344665512, "capture_latency_ms": 0.2701282501220703, "sequence_number": 1}
{"exchange": "mock", "pair": "ETH-USDT", "timestamp_ms": 1754257589384, "side": "bid", "price": 3001.3643546187996, "quantity": 12.220358093750672, "capture_latency_ms": 0.2701282501220703, "sequence_number": 1}
{"exchange": "mock", "pair": "ETH-USDT", "timestamp_ms": 1754257589384, "side": "bid", "price": 3001.0640680400484, "quantity": 4.590036522392862, "capture_latency_ms": 0.2701282501220703, "sequence_number": 1}
{"exchange": "mock", "pair": "ETH-USDT", "timestamp_ms": 1754257589384, "side": "bid", "price": 3000.763781461297, "quantity": 13.60123677980057, "capture_latency_ms": 0.2701282501220703, "sequence_number": 1}
{"exchange": "mock", "pair": "ETH-USDT", "timestamp_ms": 1754257589384, "side": "bid", "price": 3000.463494882546, "quantity": 13.737773015239215, "capture_latency_ms": 0.2701282501220703, "sequence_number": 1}
{"exchange": "mock", "pair": "ETH-USDT", "timestamp_ms": 1754257589384, "side": "bid", "price": 3000.163208303795, "quantity": 15.851445348213131, "capture_latency_ms": 0.2701282501220703, "sequence_number": 1}
{"exchange": "mock", "pair": "ETH-USDT", "timestamp_ms": 1754257589384, "side": "bid", "price": 2999.862921725043, "quantity": 10.976724061583143, "capture_latency_ms": 0.2701282501220703, "sequence_number": 1}
{"exchange": "mock", "pair": "ETH-USDT", "timestamp_ms": 1754257589384, "side": "bid", "price": 2999.562635146292, "quantity": 17.889334372563567, "capture_latency_ms": 0.2701282501220703, "sequence_number": 1}
{"exchange": "mock", "pair": "ETH-USDT", "timestamp_ms": 1754257589384, "side": "bid", "price": 2999.262348567541, "quantity": 18.27168565177083, "capture_latency_ms": 0.2701282501220703, "sequence_number": 1}
{"exchange": "mock", "pair": "ETH-USDT", "timestamp_ms": 1754257589384, "side": "bid", "price": 2998.9620619887896, "quantity": 15.401112398045987, "capture_latency_ms": 0.2701282501220703, "sequence_number": 1}
{"exchange": "mock", "pair": "ETH-USDT", "timestamp_ms": 1754257589384, "side": "bid", "price": 2998.6617754100384, "quantity": 9.628494612365756, "capture_latency_ms": 0.2701282501220703, "sequence_number": 1}
{"exchange": "mock", "pair": "ETH-USDT", "timestamp_ms": 1754257589384, "side": "bid", "price": 2998.3614888312873, "quantity": 8.588452756516292, "capture_latency_ms": 0.2701282501220703, "sequence_number": 1}
{"exchange": "mock", "pair": "ETH-USDT", "timestamp_ms": 1754257589384, "side": "bid", "price": 2998.0612022525356, "quantity": 14.798162243488637, "capture_latency_ms": 0.2701282501220703, "sequence_number": 1}
{"exchange": "mock", "pair": "ETH-USDT", "timestamp_ms": 1754257589384, "side": "bid", "price": 2997.7609156737844, "quantity": 2.223592999488845, "capture_latency_ms": 0.2701282501220703, "sequence_number": 1}
{"exchange": "mock", "pair": "ETH-USDT", "timestamp_ms": 1754257589384, "side": "bid", "price": 2997.4606290950333, "quantity": 21.970135164230175, "capture_latency_ms": 0.2701282501220703, "sequence_number": 1}
{"exchange": "mock", "pair": "ETH-USDT", "timestamp_ms": 1754257589384, "side": "bid", "price": 2997.160342516282, "quantity": 20.251544137965034, "capture_latency_ms": 0.2701282501220703, "sequence_number": 1}
{"exchange": "mock", "pair": "ETH-USDT", "timestamp_ms": 1754257589384, "side": "bid", "price": 2996.860055937531, "quantity": 22.119924344162705, "capture_latency_ms": 0.2701282501220703, "sequence_number": 1}
{"exchange": "mock", "pair": "ETH-USDT", "timestamp_ms": 1754257589384, "side": "bid", "price": 2996.5597693587797, "quantity": 17.16518200300953, "capture_latency_ms": 0.2701282501220703, "sequence_number": 1}
{"exchange": "mock", "pair": "ETH-USDT", "timestamp_ms": 1754257589384, "side": "bid", "price": 2996.2594827800285, "quantity": 5.377762227555016, "capture_latency_ms": 0.2701282501220703, "sequence_number": 1}
{"exchange": "mock", "pair": "ETH-USDT", "timestamp_ms": 1754257589384, "side": "bid", "price": 2995.959196201277, "quantity": 24.341338448324468, "capture_latency_ms": 0.2701282501220703, "sequence_number": 1}
{"exchange": "mock", "pair": "ETH-USDT", "timestamp_ms": 1754257589384, "side": "bid", "price": 2995.6589096225257, "quantity": 16.703660246217215, "capture_latency_ms": 0.2701282501220703, "sequence_number": 1}
{"exchange": "mock", "pair": "ETH-USDT", "timestamp_ms": 1754257589384, "side": "bid", "price": 2995.3586230437745, "quantity": 32.29018216722963, "capture_latency_ms": 0.2701282501220703, "sequence_number": 1}
{"exchange": "mock", "pair": "ETH-USDT", "timestamp_ms": 1754257589384, "side": "bid", "price": 2995.0583364650233, "quantity": 3.500106458832835, "capture_latency_ms": 0.2701282501220703, "sequence_number": 1}
{"exchange": "mock", "pair": "ETH-USDT", "timestamp_ms": 1754257589384, "side": "bid", "price": 2994.758049886272, "quantity": 7.371958919909177, "capture_latency_ms": 0.2701282501220703, "sequence_number": 1}
{"exchange": "mock", "pair": "ETH-USDT", "timestamp_ms": 1754257589384, "side": "bid", "price": 2994.457763307521, "quantity": 20.762910102209435, "capture_latency_ms": 0.2701282501220703, "sequence_number": 1}
{"exchange": "mock", "pair": "ETH-USDT", "timestamp_ms": 1754257589384, "side": "bid", "price": 2994.1574767287693, "quantity": 24.46496619857407, "capture_latency_ms": 0.2701282501220703, "sequence_number": 1}
{"exchange": "mock", "pair": "ETH-USDT", "timestamp_ms": 1754257589384, "side": "bid", "price": 2993.857190150018, "quantity": 35.565475953450026, "capture_latency_ms": 0.2701282501220703, "sequence_number": 1}
{"exchange": "mock", "pair": "ETH-USDT", "timestamp_ms": 1754257589384, "side": "bid", "price": 2993.556903571267, "quantity": 22.635534454257943, "capture_latency_ms": 0.2701282501220703, "sequence_number": 1}
{"exchange": "mock", "pair": "ETH-USDT", "timestamp_ms": 1754257589384, "side": "bid", "price": 2993.256616992516, "quantity": 22.05136031502631, "capture_latency_ms": 0.2701282501220703, "sequence_number": 1}
{"exchange": "mock", "pair": "ETH-USDT", "timestamp_ms": 1754257589384, "side": "bid", "price": 2992.9563304137646, "quantity": 16.848792810338274, "capture_latency_ms": 0.2701282501220703, "sequence_number": 1}
{"exchange": "mock", "pair": "ETH-USDT", "timestamp_ms": 1754257589384, "side": "bid", "price": 2992.6560438350134, "quantity": 39.85657862938273, "capture_latency_ms": 0.2701282501220703, "sequence_number": 1}
{"exchange": "mock", "pair": "ETH-USDT", "timestamp_ms": 1754257589384, "side": "bid", "price": 2992.3557572562618, "quantity": 21.349106398198135, "capture_latency_ms": 0.2701282501220703, "sequence_number": 1}
{"exchange": "mock", "pair": "ETH-USDT", "timestamp_ms": 1754257589384, "side": "bid", "price": 2992.0554706775106, "quantity": 30.827871840706166, "capture_latency_ms": 0.2701282501220703, "sequence_number": 1}
{"exchange": "mock", "pair": "ETH-USDT", "timestamp_ms": 1754257589384, "side": "bid", "price": 2991.7551840987594, "quantity": 15.575448277455173, "capture_latency_ms": 0.2701282501220703, "sequence_number": 1}
{"exchange": "mock", "pair": "ETH-USDT", "timestamp_ms": 1754257589384, "side": "bid", "price": 2991.454897520008, "quantity": 23.45112190197181, "capture_latency_ms": 0.2701282501220703, "sequence_number": 1}
{"exchange": "mock", "pair": "ETH-USDT", "timestamp_ms": 1754257589384, "side": "bid", "price": 2991.154610941257, "quantity": 38.787992515917715, "capture_latency_ms": 0.2701282501220703, "sequence_number": 1}
{"exchange": "mock", "pair": "ETH-USDT", "timestamp_ms": 1754257589384, "side": "bid", "price": 2990.854324362506, "quantity": 39.81771194302814, "capture_latency_ms": 0.2701282501220703, "sequence_number": 1}
{"exchange": "mock", "pair": "ETH-USDT", "timestamp_ms": 1754257589384, "side": "bid", "price": 2990.5540377837547, "quantity": 14.570932903428185, "capture_latency_ms": 0.2701282501220703, "sequence_number": 1}
{"exchange": "mock", "pair": "ETH-USDT", "timestamp_ms": 1754257589384, "side": "bid", "price": 2990.253751205003, "quantity": 2.5465423655169657, "capture_latency_ms": 0.2701282501220703, "sequence_number": 1}
{"exchange": "mock", "pair": "ETH-USDT", "timestamp_ms": 1754257589384, "side": "bid", "price": 2989.953464626252, "quantity": 28.168066288869944, "capture_latency_ms": 0.2701282501220703, "sequence_number": 1}
{"exchange": "mock", "pair": "ETH-USDT", "timestamp_ms": 1754257589384, "side": "bid", "price": 2989.6531780475007, "quantity": 6.064974103712737, "capture_latency_ms": 0.2701282501220703, "sequence_number": 1}
{"exchange": "mock", "pair": "ETH-USDT", "timestamp_ms": 1754257589384, "side": "bid", "price": 2989.3528914687495, "quantity": 15.092188354815889, "capture_latency_ms": 0.2701282501220703, "sequence_number": 1}
{"exchange": "mock", "pair": "ETH-USDT", "timestamp_ms": 1754257589384, "side": "bid", "price": 2989.0526048899983, "quantity": 43.33478346958276, "capture_latency_ms": 0.2701282501220703, "sequence_number": 1}
{"exchange": "mock", "pair": "ETH-USDT", "timestamp_ms": 1754257589384, "side": "bid", "price": 2988.752318311247, "quantity": 26.409575821555038, "capture_latency_ms": 0.2701282501220703, "sequence_number": 1}
{"exchange": "mock", "pair": "ETH-USDT", "timestamp_ms": 1754257589384, "side": "bid", "price": 2988.4520317324955, "quantity": 16.207260083492717, "capture_latency_ms": 0.2701282501220703, "sequence_number": 1}
{"exchange": "mock", "pair": "ETH-USDT", "timestamp_ms": 1754257589384, "side": "bid", "price": 2988.1517451537443, "quantity": 43.22802586651785, "capture_latency_ms": 0.2701282501220703, "sequence_number": 1}
{"exchange": "mock", "pair": "ETH-USDT", "timestamp_ms": 1754257589384, "side": "bid", "price": 2987.851458574993, "quantity": 47.5309525781942, "capture_latency_ms": 0.2701282501220703, "sequence_number": 1}
{"exchange": "mock", "pair": "ETH-USDT", "timestamp_ms": 1754257589384, "side": "bid", "price": 2987.551171996242, "quantity": 49.86894151281232, "capture_latency_ms": 0.2701282501220703, "sequence_number": 1}
{"exchange": "mock", "pair": "ETH-USDT", "timestamp_ms": 1754257589384, "side": "bid", "price": 2987.2508854174907, "quantity": 35.019792581334585, "capture_latency_ms": 0.2701282501220703, "sequence_number": 1}
{"exchange": "mock", "pair": "ETH-USDT", "timestamp_ms": 1754257589384, "side": "bid", "price": 2986.9505988387396, "quantity": 23.821036233064728, "capture_latency_ms": 0.2701282501220703, "sequence_number": 1}
{"exchange": "mock", "pair": "ETH-USDT", "timestamp_ms": 1754257589384, "side": "bid", "price": 2986.650312259988, "quantity": 41.72965128473265, "capture_latency_ms": 0.2701282501220703, "sequence_number": 1}
{"exchange": "mock", "pair": "ETH-USDT", "timestamp_ms": 1754257589384, "side": "bid", "price": 2986.3500256812367, "quantity": 9.166494631846067, "capture_latency_ms": 0.2701282501220703, "sequence_number": 1}
{"exchange": "mock", "pair": "ETH-USDT", "timestamp_ms": 1754257589384, "side": "bid", "price": 2986.0497391024855, "quantity": 46.28813886904966, "capture_latency_ms": 0.2701282501220703, "sequence_number": 1}
{"exchange": "mock", "pair": "ETH-USDT", "timestamp_ms": 1754257589384, "side": "bid", "price": 2985.7494525237344, "quantity": 9.003777086138353, "capture_latency_ms": 0.2701282501220703, "sequence_number": 1}
{"exchange": "mock", "pair": "ETH-USDT", "timestamp_ms": 1754257589384, "side": "bid", "price": 2985.449165944983, "quantity": 67.5393921666311, "capture_latency_ms": 0.2701282501220703, "sequence_number": 1}
{"exchange": "mock", "pair": "ETH-USDT", "timestamp_ms": 1754257589384, "side": "bid", "price": 2985.148879366232, "quantity": 15.148796647157784, "capture_latency_ms": 0.2701282501220703, "sequence_number": 1}
{"exchange": "mock", "pair": "ETH-USDT", "timestamp_ms": 1754257589384, "side": "bid", "price": 2984.848592787481, "quantity": 27.71275777646426, "capture_latency_ms": 0.2701282501220703, "sequence_number": 1}
{"exchange": "mock", "pair": "ETH-USDT", "timestamp_ms": 1754257589384, "side": "bid", "price": 2984.548306208729, "quantity": 9.753204046342182, "capture_latency_ms": 0.2701282501220703, "sequence_number": 1}
{"exchange": "mock", "pair": "ETH-USDT", "timestamp_ms": 1754257589384, "side": "bid", "price": 2984.248019629978, "quantity": 29.236410021296365, "capture_latency_ms": 0.2701282501220703, "sequence_number": 1}
{"exchange": "mock", "pair": "ETH-USDT", "timestamp_ms": 1754257589384, "side": "bid", "price": 2983.947733051227, "quantity": 61.97882895878518, "capture_latency_ms": 0.2701282501220703, "sequence_number": 1}
{"exchange": "mock", "pair": "ETH-USDT", "timestamp_ms": 1754257589384, "side": "bid", "price": 2983.6474464724756, "quantity": 59.03583695314313, "capture_latency_ms": 0.2701282501220703, "sequence_number": 1}
{"exchange": "mock", "pair": "ETH-USDT", "timestamp_ms": 1754257589384, "side": "bid", "price": 2983.3471598937244, "quantity": 53.31346395389809, "capture_latency_ms": 0.2701282501220703, "sequence_number": 1}
{"exchange": "mock", "pair": "ETH-USDT", "timestamp_ms": 1754257589384, "side": "bid", "price": 2983.0468733149733, "quantity": 24.656906944803843, "capture_latency_ms": 0.2701282501220703, "sequence_number": 1}
{"exchange": "mock", "pair": "ETH-USDT", "timestamp_ms": 1754257589384, "side": "bid", "price": 2982.7465867362216, "quantity": 47.524745056249714, "capture_latency_ms": 0.2701282501220703, "sequence_number": 1}
{"exchange": "mock", "pair": "ETH-USDT", "timestamp_ms": 1754257589384, "side": "bid", "price": 2982.4463001574704, "quantity": 45.92662074394994, "capture_latency_ms": 0.2701282501220703, "sequence_number": 1}
{"exchange": "mock", "pair": "ETH-USDT", "timestamp_ms": 1754257589384, "side": "bid", "price": 2982.1460135787192, "quantity": 59.23691173832255, "capture_latency_ms": 0.2701282501220703, "sequence_number": 1}
{"exchange": "mock", "pair": "ETH-USDT", "timestamp_ms": 1754257589384, "side": "bid", "price": 2981.845726999968, "quantity": 17.815057817232614, "capture_latency_ms": 0.2701282501220703, "sequence_number": 1}
{"exchange": "mock", "pair": "ETH-USDT", "timestamp_ms": 1754257589384, "side": "bid", "price": 2981.545440421217, "quantity": 18.034948937363634, "capture_latency_ms": 0.2701282501220703, "sequence_number": 1}
{"exchange": "mock", "pair": "ETH-USDT", "timestamp_ms": 1754257589384, "side": "bid", "price": 2981.2451538424657, "quantity": 60.80920186561994, "capture_latency_ms": 0.2701282501220703, "sequence_number": 1}
{"exchange": "mock", "pair": "ETH-USDT", "timestamp_ms": 1754257589384, "side": "bid", "price": 2980.944867263714, "quantity": 51.66345164304302, "capture_latency_ms": 0.2701282501220703, "sequence_number": 1}
{"exchange": "mock", "pair": "ETH-USDT", "timestamp_ms": 1754257589384, "side": "bid", "price": 2980.644580684963, "quantity": 36.967947555269475, "capture_latency_ms": 0.2701282501220703, "sequence_number": 1}
{"exchange": "mock", "pair": "ETH-USDT", "timestamp_ms": 1754257589384, "side": "bid", "price": 2980.3442941062117, "quantity": 57.09837746326993, "capture_latency_ms": 0.2701282501220703, "sequence_number": 1}
{"exchange": "mock", "pair": "ETH-USDT", "timestamp_ms": 1754257589384, "side": "bid", "price": 2980.0440075274605, "quantity": 21.837092649295396, "capture_latency_ms": 0.2701282501220703, "sequence_number": 1}
{"exchange": "mock", "pair": "ETH-USDT", "timestamp_ms": 1754257589384, "side": "bid", "price": 2979.7437209487093, "quantity": 79.90764237030835, "capture_latency_ms": 0.2701282501220703, "sequence_number": 1}
{"exchange": "mock", "pair": "ETH-USDT", "timestamp_ms": 1754257589384, "side": "bid", "price": 2979.443434369958, "quantity": 65.23745299430793, "capture_latency_ms": 0.2701282501220703, "sequence_number": 1}
{"exchange": "mock", "pair": "ETH-USDT", "timestamp_ms": 1754257589384, "side": "bid", "price": 2979.143147791207, "quantity": 16.987500258405262, "capture_latency_ms": 0.2701282501220703, "sequence_number": 1}
{"exchange": "mock", "pair": "ETH-USDT", "timestamp_ms": 1754257589384, "side": "bid", "price": 2978.8428612124553, "quantity": 30.561518340973585, "capture_latency_ms": 0.2701282501220703, "sequence_number": 1}
{"exchange": "mock", "pair": "ETH-USDT", "timestamp_ms": 1754257589384, "side": "bid", "price": 2978.542574633704, "quantity": 23.085134499866026, "capture_latency_ms": 0.2701282501220703, "sequence_number": 1}
{"exchange": "mock", "pair": "ETH-USDT", "timestamp_ms": 1754257589384, "side": "bid", "price": 2978.242288054953, "quantity": 61.21339768199347, "capture_latency_ms": 0.2701282501220703, "sequence_number": 1}
{"exchange": "mock", "pair": "ETH-USDT", "timestamp_ms": 1754257589384, "side": "bid", "price": 2977.9420014762018, "quantity": 58.69063905925103, "capture_latency_ms": 0.2701282501220703, "sequence_number": 1}
{"exchange": "mock", "pair": "ETH-USDT", "timestamp_ms": 1754257589384, "side": "bid", "price": 2977.6417148974506, "quantity": 43.473408550259194, "capture_latency_ms": 0.2701282501220703, "sequence_number": 1}
{"exchange": "mock", "pair": "ETH-USDT", "timestamp_ms": 1754257589384, "side": "bid", "price": 2977.3414283186994, "quantity": 35.49495014347571, "capture_latency_ms": 0.2701282501220703, "sequence_number": 1}
{"exchange": "mock", "pair": "ETH-USDT", "timestamp_ms": 1754257589384, "side": "bid", "price": 2977.0411417399478, "quantity": 82.42419326751089, "capture_latency_ms": 0.2701282501220703, "sequence_number": 1}
{"exchange": "mock", "pair": "ETH-USDT", "timestamp_ms": 1754257589384, "side": "bid", "price": 2976.7408551611966, "quantity": 76.46522370789853, "capture_latency_ms": 0.2701282501220703, "sequence_number": 1}
{"exchange": "mock", "pair": "ETH-USDT", "timestamp_ms": 1754257589384, "side": "bid", "price": 2976.4405685824454, "quantity": 16.011294878770805, "capture_latency_ms": 0.2701282501220703, "sequence_number": 1}
{"exchange": "mock", "pair": "ETH-USDT", "timestamp_ms": 1754257589384, "side": "bid", "price": 2976.140282003694, "quantity": 71.2260759540201, "capture_latency_ms": 0.2701282501220703, "sequence_number": 1}
{"exchange": "mock", "pair": "ETH-USDT", "timestamp_ms": 1754257589384, "side": "bid", "price": 2975.839995424943, "quantity": 16.634931291004058, "capture_latency_ms": 0.2701282501220703, "sequence_number": 1}
{"exchange": "mock", "pair": "ETH-USDT", "timestamp_ms": 1754257589384, "side": "bid", "price": 2975.539708846192, "quantity": 55.492405626563794, "capture_latency_ms": 0.2701282501220703, "sequence_number": 1}
{"exchange": "mock", "pair": "ETH-USDT", "timestamp_ms": 1754257589384, "side": "bid", "price": 2975.23942226744, "quantity": 30.58645241519012, "capture_latency_ms": 0.2701282501220703, "sequence_number": 1}
{"exchange": "mock", "pair": "ETH-USDT", "timestamp_ms": 1754257589384, "side": "bid", "price": 2974.939135688689, "quantity": 49.08492151642071, "capture_latency_ms": 0.2701282501220703, "sequence_number": 1}
{"exchange": "mock", "pair": "ETH-USDT", "timestamp_ms": 1754257589384, "side": "bid", "price": 2974.638849109938, "quantity": 34.19148484282973, "capture_latency_ms": 0.2701282501220703, "sequence_number": 1}
{"exchange": "mock", "pair": "ETH-USDT", "timestamp_ms": 1754257589384, "side": "bid", "price": 2974.3385625311867, "quantity": 103.36383675493381, "capture_latency_ms": 0.2701282501220703, "sequence_number": 1}
{"exchange": "mock", "pair": "ETH-USDT", "timestamp_ms": 1754257589384, "side": "bid", "price": 2974.0382759524355, "quantity": 15.577304021539144, "capture_latency_ms": 0.2701282501220703, "sequence_number": 1}
{"exchange": "mock", "pair": "ETH-USDT", "timestamp_ms": 1754257589384, "side": "bid", "price": 2973.7379893736843, "quantity": 37.18165992497103, "capture_latency_ms": 0.2701282501220703, "sequence_number": 1}
{"exchange": "mock", "pair": "ETH-USDT", "timestamp_ms": 1754257589384, "side": "bid", "price": 2973.437702794933, "quantity": 18.547355089636653, "capture_latency_ms": 0.2701282501220703, "sequence_number": 1}
{"exchange": "mock", "pair": "ETH-USDT", "timestamp_ms": 1754257589384, "side": "bid", "price": 2973.1374162161815, "quantity": 94.21721756762128, "capture_latency_ms": 0.2701282501220703, "sequence_number": 1}
{"exchange": "mock", "pair": "ETH-USDT", "timestamp_ms": 1754257589384, "side": "ask", "price": 3002.865787512556, "quantity": 2.1329084831230167, "capture_latency_ms": 0.2701282501220703, "sequence_number": 1}
{"exchange": "mock", "pair": "ETH-USDT", "timestamp_ms": 1754257589384, "side": "ask", "price": 3003.166074091307, "quantity": 5.54347359269581, "capture_latency_ms": 0.2701282501220703, "sequence_number": 1}
{"exchange": "mock", "pair": "ETH-USDT", "timestamp_ms": 1754257589384, "side": "ask", "price": 3003.4663606700583, "quantity": 6.799283036654822, "capture_latency_ms": 0.2701282501220703, "sequence_number": 1}
{"exchange": "mock", "pair": "ETH-USDT", "timestamp_ms": 1754257589384, "side": "ask", "price": 3003.7666472488095, "quantity": 3.3025845168961685, "capture_latency_ms": 0.2701282501220703, "sequence_number": 1}
{"exchange": "mock", "pair": "ETH-USDT", "timestamp_ms": 1754257589384, "side": "ask", "price": 3004.066933827561, "quantity": 2.4701570290651684, "capture_latency_ms": 0.2701282501220703, "sequence_number": 1}
{"exchange": "mock", "pair": "ETH-USDT", "timestamp_ms": 1754257589384, "side": "ask", "price": 3004.3672204063123, "quantity": 5.603883863506567, "capture_latency_ms": 0.2701282501220703, "sequence_number": 1}
{"exchange": "mock", "pair": "ETH-USDT", "timestamp_ms": 1754257589384, "side": "ask", "price": 3004.6675069850635, "quantity": 3.7895086343782496, "capture_latency_ms": 0.2701282501220703, "sequence_number": 1}
{"exchange": "mock", "pair": "ETH-USDT", "timestamp_ms": 1754257589384, "side": "ask", "price": 3004.9677935638147, "quantity": 5.979304356249349, "capture_latency_ms": 0.2701282501220703, "sequence_number": 1}
{"exchange": "mock", "pair": "ETH-USDT", "timestamp_ms": 1754257589384, "side": "ask", "price": 3005.268080142566, "quantity": 3.6359446957996897, "capture_latency_ms": 0.2701282501220703, "sequence_number": 1}
{"exchange": "mock", "pair": "ETH-USDT", "timestamp_ms": 1754257589384, "side": "ask", "price": 3005.568366721317, "quantity": 2.6246475337096253, "capture_latency_ms": 0.2701282501220703, "sequence_number": 1}
{"exchange": "mock", "pair": "ETH-USDT", "timestamp_ms": 1754257589384, "side": "ask", "price": 3005.8686533000687, "quantity": 0.9997108076335861, "capture_latency_ms": 0.2701282501220703, "sequence_number": 1}
{"exchange": "mock", "pair": "ETH-USDT", "timestamp_ms": 1754257589384, "side": "ask", "price": 3006.16893987882, "quantity": 3.6179992817671294, "capture_latency_ms": 0.2701282501220703, "sequence_number": 1}
{"exchange": "mock", "pair": "ETH-USDT", "timestamp_ms": 1754257589384, "side": "ask", "price": 3006.469226457571, "quantity": 0.7995884057134229, "capture_latency_ms": 0.2701282501220703, "sequence_number": 1}
{"exchange": "mock", "pair": "ETH-USDT", "timestamp_ms": 1754257589384, "side": "ask", "price": 3006.769513036322, "quantity": 3.3473758032484446, "capture_latency_ms": 0.2701282501220703, "sequence_number": 1}
{"exchange": "mock", "pair": "ETH-USDT", "timestamp_ms": 1754257589384, "side": "ask", "price": 3007.0697996150734, "quantity": 1.3363544097893352, "capture_latency_ms": 0.2701282501220703, "sequence_number": 1}
{"exchange": "mock", "pair": "ETH-USDT", "timestamp_ms": 1754257589384, "side": "ask", "price": 3007.3700861938246, "quantity": 0.03080697330200601, "capture_latency_ms": 0.2701282501220703, "sequence_number": 1}
{"exchange": "mock", "pair": "ETH-USDT", "timestamp_ms": 1754257589384, "side": "ask", "price": 3007.6703727725762, "quantity": 0.3646174384935503, "capture_latency_ms": 0.2701282501220703, "sequence_number": 1}
{"exchange": "mock", "pair": "ETH-USDT", "timestamp_ms": 1754257589384, "side": "ask", "price": 3007.9706593513274, "quantity": 0.4854798885793945, "capture_latency_ms": 0.2701282501220703, "sequence_number": 1}
{"exchange": "mock", "pair": "ETH-USDT", "timestamp_ms": 1754257589384, "side": "ask", "price": 3008.2709459300786, "quantity": 0.14715879367253823, "capture_latency_ms": 0.2701282501220703, "sequence_number": 1}
{"exchange": "mock", "pair": "ETH-USDT", "timestamp_ms": 1754257589384, "side": "ask", "price": 3008.57123250883, "quantity": 0.06073459407246551, "capture_latency_ms": 0.2701282501220703, "sequence_number": 1}
{"exchange": "mock", "pair": "ETH-USDT", "timestamp_ms": 1754257589384, "side": "ask", "price": 3008.871519087581, "quantity": 0.0, "capture_latency_ms": 0.2701282501220703, "sequence_number": 1}
{"exchange": "mock", "pair": "ETH-USDT", "timestamp_ms": 1754257589384, "side": "ask", "price": 3009.171805666332, "quantity": -0.34551102534219075, "capture_latency_ms": 0.2701282501220703, "sequence_number": 1}
{"exchange": "mock", "pair": "ETH-USDT", "timestamp_ms": 1754257589384, "side": "ask", "price": 3009.4720922450833, "quantity": -0.3492968993770962, "capture_latency_ms": 0.2701282501220703, "sequence_number": 1}
{"exchange": "mock", "pair": "ETH-USDT", "timestamp_ms": 1754257589384, "side": "ask", "price": 3009.772378823835, "quantity": -0.04257745113395376, "capture_latency_ms": 0.2701282501220703, "sequence_number": 1}
{"exchange": "mock", "pair": "ETH-USDT", "timestamp_ms": 1754257589384, "side": "ask", "price": 3010.072665402586, "quantity": -1.760029926801746, "capture_latency_ms": 0.2701282501220703, "sequence_number": 1}
{"exchange": "mock", "pair": "ETH-USDT", "timestamp_ms": 1754257589384, "side": "ask", "price": 3010.3729519813373, "quantity": -0.7736905166062936, "capture_latency_ms": 0.2701282501220703, "sequence_number": 1}
{"exchange": "mock", "pair": "ETH-USDT", "timestamp_ms": 1754257589384, "side": "ask", "price": 3010.6732385600885, "quantity": -2.2749904088359036, "capture_latency_ms": 0.2701282501220703, "sequence_number": 1}
{"exchange": "mock", "pair": "ETH-USDT", "timestamp_ms": 1754257589384, "side": "ask", "price": 3010.9735251388397, "quantity": -0.9629403649335491, "capture_latency_ms": 0.2701282501220703, "sequence_number": 1}
{"exchange": "mock", "pair": "ETH-USDT", "timestamp_ms": 1754257589384, "side": "ask", "price": 3011.273811717591, "quantity": -0.2789116323853228, "capture_latency_ms": 0.2701282501220703, "sequence_number": 1}
{"exchange": "mock", "pair": "ETH-USDT", "timestamp_ms": 1754257589384, "side": "ask", "price": 3011.5740982963425, "quantity": -3.5577074874010215, "capture_latency_ms": 0.2701282501220703, "sequence_number": 1}
{"exchange": "mock", "pair": "ETH-USDT", "timestamp_ms": 1754257589384, "side": "ask", "price": 3011.8743848750937, "quantity": -1.9042658517310387, "capture_latency_ms": 0.2701282501220703, "sequence_number": 1}
{"exchange": "mock", "pair": "ETH-USDT", "timestamp_ms": 1754257589384, "side": "ask", "price": 3012.174671453845, "quantity": -4.737226085669469, "capture_latency_ms": 0.2701282501220703, "sequence_number": 1}
{"exchange": "mock", "pair": "ETH-USDT", "timestamp_ms": 1754257589384, "side": "ask", "price": 3012.474958032596, "quantity": -4.866515898317873, "capture_latency_ms": 0.2701282501220703, "sequence_number": 1}
{"exchange": "mock", "pair": "ETH-USDT", "timestamp_ms": 1754257589384, "side": "ask", "price": 3012.7752446113473, "quantity": -5.0564137918387875, "capture_latency_ms": 0.2701282501220703, "sequence_number": 1}
{"exchange": "mock", "pair": "ETH-USDT", "timestamp_ms": 1754257589384, "side": "ask", "price": 3013.0755311900984, "quantity": -0.07246537854588855, "capture_latency_ms": 0.2701282501220703, "sequence_number": 1}
{"exchange": "mock", "pair": "ETH-USDT", "timestamp_ms": 1754257589384, "side": "ask", "price": 3013.37581776885, "quantity": -5.121875567464684, "capture_latency_ms": 0.2701282501220703, "sequence_number": 1}
{"exchange": "mock", "pair": "ETH-USDT", "timestamp_ms": 1754257589384, "side": "ask", "price": 3013.6761043476013, "quantity": -5.007494375828481, "capture_latency_ms": 0.2701282501220703, "sequence_number": 1}
{"exchange": "mock", "pair": "ETH-USDT", "timestamp_ms": 1754257589384, "side": "ask", "price": 3013.9763909263525, "quantity": -0.2676131460681711, "capture_latency_ms": 0.2701282501220703, "sequence_number": 1}
{"exchange": "mock", "pair": "ETH-USDT", "timestamp_ms": 1754257589384, "side": "ask", "price": 3014.2766775051036, "quantity": -8.40993271308724, "capture_latency_ms": 0.2701282501220703, "sequence_number": 1}
{"exchange": "mock", "pair": "ETH-USDT", "timestamp_ms": 1754257589384, "side": "ask", "price": 3014.576964083855, "quantity": -9.151538897053719, "capture_latency_ms": 0.2701282501220703, "sequence_number": 1}
{"exchange": "mock", "pair": "ETH-USDT", "timestamp_ms": 1754257589384, "side": "ask", "price": 3014.877250662606, "quantity": -4.357080035070538, "capture_latency_ms": 0.2701282501220703, "sequence_number": 1}
{"exchange": "mock", "pair": "ETH-USDT", "timestamp_ms": 1754257589384, "side": "ask", "price": 3015.177537241357, "quantity": -7.95648739391493, "capture_latency_ms": 0.2701282501220703, "sequence_number": 1}
{"exchange": "mock", "pair": "ETH-USDT", "timestamp_ms": 1754257589384, "side": "ask", "price": 3015.477823820109, "quantity": -10.70804495721832, "capture_latency_ms": 0.2701282501220703, "sequence_number": 1}
{"exchange": "mock", "pair": "ETH-USDT", "timestamp_ms": 1754257589384, "side": "ask", "price": 3015.77811039886, "quantity": -0.7746861877718965, "capture_latency_ms": 0.2701282501220703, "sequence_number": 1}
{"exchange": "mock", "pair": "ETH-USDT", "timestamp_ms": 1754257589384, "side": "ask", "price": 3016.078396977611, "quantity": -5.709806998393728, "capture_latency_ms": 0.2701282501220703, "sequence_number": 1}
{"exchange": "mock", "pair": "ETH-USDT", "timestamp_ms": 1754257589384, "side": "ask", "price": 3016.3786835563624, "quantity": -0.1800609296188127, "capture_latency_ms": 0.2701282501220703, "sequence_number": 1}
{"exchange": "mock", "pair": "ETH-USDT", "timestamp_ms": 1754257589384, "side": "ask", "price": 3016.6789701351136, "quantity": -11.33390529301848, "capture_latency_ms": 0.2701282501220703, "sequence_number": 1}
{"exchange": "mock", "pair": "ETH-USDT", "timestamp_ms": 1754257589384, "side": "ask", "price": 3016.9792567138647, "quantity": -9.85605265558879, "capture_latency_ms": 0.2701282501220703, "sequence_number": 1}
{"exchange": "mock", "pair": "ETH-USDT", "timestamp_ms": 1754257589384, "side": "ask", "price": 3017.2795432926164, "quantity": -2.369846574409774, "capture_latency_ms": 0.2701282501220703, "sequence_number": 1}
{"exchange": "mock", "pair": "ETH-USDT", "timestamp_ms": 1754257589384, "side": "ask", "price": 3017.5798298713676, "quantity": -13.561393546816635, "capture_latency_ms": 0.2701282501220703, "sequence_number": 1}
{"exchange": "mock", "pair": "ETH-USDT", "timestamp_ms": 1754257589384, "side": "ask", "price": 3017.8801164501187, "quantity": -4.651149381978035, "capture_latency_ms": 0.2701282501220703, "sequence_number": 1}
{"exchange": "mock", "pair": "ETH-USDT", "timestamp_ms": 1754257589384, "side": "ask", "price": 3018.18040302887, "quantity": -1.0949877416851885, "capture_latency_ms": 0.2701282501220703, "sequence_number": 1}
{"exchange": "mock", "pair": "ETH-USDT", "timestamp_ms": 1754257589384, "side": "ask", "price": 3018.480689607621, "quantity": -2.2266566434778357, "capture_latency_ms": 0.2701282501220703, "sequence_number": 1}
{"exchange": "mock", "pair": "ETH-USDT", "timestamp_ms": 1754257589384, "side": "ask", "price": 3018.7809761863723, "quantity": -4.1354144917130355, "capture_latency_ms": 0.2701282501220703, "sequence_number": 1}
{"exchange": "mock", "pair": "ETH-USDT", "timestamp_ms": 1754257589384, "side": "ask", "price": 3019.081262765124, "quantity": -0.930531463334523, "capture_latency_ms": 0.2701282501220703, "sequence_number": 1}
{"exchange": "mock", "pair": "ETH-USDT", "timestamp_ms": 1754257589384, "side": "ask", "price": 3019.381549343875, "quantity": -10.021653514353279, "capture_latency_ms": 0.2701282501220703, "sequence_number": 1}
{"exchange": "mock", "pair": "ETH-USDT", "timestamp_ms": 1754257589384, "side": "ask", "price": 3019.6818359226263, "quantity": -17.67703008023903, "capture_latency_ms": 0.2701282501220703, "sequence_number": 1}
{"exchange": "mock", "pair": "ETH-USDT", "timestamp_ms": 1754257589384, "side": "ask", "price": 3019.9821225013775, "quantity": -13.409008484874684, "capture_latency_ms": 0.2701282501220703, "sequence_number": 1}
{"exchange": "mock", "pair": "ETH-USDT", "timestamp_ms": 1754257589384, "side": "ask", "price": 3020.2824090801287, "quantity": -18.078598814524977, "capture_latency_ms": 0.2701282501220703, "sequence_number": 1}
{"exchange": "mock", "pair": "ETH-USDT", "timestamp_ms": 1754257589384, "side": "ask", "price": 3020.58269565888, "quantity": -0.5629790736877109, "capture_latency_ms": 0.2701282501220703, "sequence_number": 1}
{"exchange": "mock", "pair": "ETH-USDT", "timestamp_ms": 1754257589384, "side": "ask", "price": 3020.882982237631, "quantity": -8.638522979629732, "capture_latency_ms": 0.2701282501220703, "sequence_number": 1}
{"exchange": "mock", "pair": "ETH-USDT", "timestamp_ms": 1754257589384, "side": "ask", "price": 3021.1832688163827, "quantity": -8.24671272508761, "capture_latency_ms": 0.2701282501220703, "sequence_number": 1}
{"exchange": "mock", "pair": "ETH-USDT", "timestamp_ms": 1754257589384, "side": "ask", "price": 3021.483555395134, "quantity": -14.319338724149143, "capture_latency_ms": 0.2701282501220703, "sequence_number": 1}
{"exchange": "mock", "pair": "ETH-USDT", "timestamp_ms": 1754257589384, "side": "ask", "price": 3021.783841973885, "quantity": -1.0799387497492001, "capture_latency_ms": 0.2701282501220703, "sequence_number": 1}
{"exchange": "mock", "pair": "ETH-USDT", "timestamp_ms": 1754257589384, "side": "ask", "price": 3022.0841285526362, "quantity": -3.685006014995502, "capture_latency_ms": 0.2701282501220703, "sequence_number": 1}
{"exchange": "mock", "pair": "ETH-USDT", "timestamp_ms": 1754257589384, "side": "ask", "price": 3022.3844151313874, "quantity": -2.308013068560985, "capture_latency_ms": 0.2701282501220703, "sequence_number": 1}
{"exchange": "mock", "pair": "ETH-USDT", "timestamp_ms": 1754257589384, "side": "ask", "price": 3022.6847017101386, "quantity": -11.207379377329783, "capture_latency_ms": 0.2701282501220703, "sequence_number": 1}
{"exchange": "mock", "pair": "ETH-USDT", "timestamp_ms": 1754257589384, "side": "ask", "price": 3022.9849882888902, "quantity": -8.71169273218593, "capture_latency_ms": 0.2701282501220703, "sequence_number": 1}
{"exchange": "mock", "pair": "ETH-USDT", "timestamp_ms": 1754257589384, "side": "ask", "price": 3023.2852748676414, "quantity": -11.970798412212785, "capture_latency_ms": 0.2701282501220703, "sequence_number": 1}
{"exchange": "mock", "pair": "ETH-USDT", "timestamp_ms": 1754257589384, "side": "ask", "price": 3023.5855614463926, "quantity": -23.455847660105185, "capture_latency_ms": 0.2701282501220703, "sequence_number": 1}
{"exchange": "mock", "pair": "ETH-USDT", "timestamp_ms": 1754257589384, "side": "ask", "price": 3023.885848025144, "quantity": -2.8263031497921185, "capture_latency_ms": 0.2701282501220703, "sequence_number": 1}
{"exchange": "mock", "pair": "ETH-USDT", "timestamp_ms": 1754257589384, "side": "ask", "price": 3024.186134603895, "quantity": -19.952412422456568, "capture_latency_ms": 0.2701282501220703, "sequence_number": 1}
{"exchange": "mock", "pair": "ETH-USDT", "timestamp_ms": 1754257589384, "side": "ask", "price": 3024.486421182646, "quantity": -14.716106465963394, "capture_latency_ms": 0.2701282501220703, "sequence_number": 1}
{"exchange": "mock", "pair": "ETH-USDT", "timestamp_ms": 1754257589384, "side": "ask", "price": 3024.786707761398, "quantity": -26.152402160031855, "capture_latency_ms": 0.2701282501220703, "sequence_number": 1}
{"exchange": "mock", "pair": "ETH-USDT", "timestamp_ms": 1754257589384, "side": "ask", "price": 3025.086994340149, "quantity": -26.51055270146941, "capture_latency_ms": 0.2701282501220703, "sequence_number": 1}
{"exchange": "mock", "pair": "ETH-USDT", "timestamp_ms": 1754257589384, "side": "ask", "price": 3025.3872809189, "quantity": -20.08638079186017, "capture_latency_ms": 0.2701282501220703, "sequence_number": 1}
{"exchange": "mock", "pair": "ETH-USDT", "timestamp_ms": 1754257589384, "side": "ask", "price": 3025.6875674976513, "quantity": -9.779443918993701, "capture_latency_ms": 0.2701282501220703, "sequence_number": 1}
{"exchange": "mock", "pair": "ETH-USDT", "timestamp_ms": 1754257589384, "side": "ask", "price": 3025.9878540764025, "quantity": -24.803575184300687, "capture_latency_ms": 0.2701282501220703, "sequence_number": 1}
{"exchange": "mock", "pair": "ETH-USDT", "timestamp_ms": 1754257589384, "side": "ask", "price": 3026.2881406551537, "quantity": -21.98165250632265, "capture_latency_ms": 0.2701282501220703, "sequence_number": 1}
{"exchange": "mock", "pair": "ETH-USDT", "timestamp_ms": 1754257589384, "side": "ask", "price": 3026.588427233905, "quantity": -11.938665364119403, "capture_latency_ms": 0.2701282501220703, "sequence_number": 1}
{"exchange": "mock", "pair": "ETH-USDT", "timestamp_ms": 1754257589384, "side": "ask", "price": 3026.8887138126565, "quantity": -20.170864795628532, "capture_latency_ms": 0.2701282501220703, "sequence_number": 1}
{"exchange": "mock", "pair": "ETH-USDT", "timestamp_ms": 1754257589384, "side": "ask", "price": 3027.1890003914077, "quantity": -14.815287997901535, "capture_latency_ms": 0.2701282501220703, "sequence_number": 1}
{"exchange": "mock", "pair": "ETH-USDT", "timestamp_ms": 1754257589384, "side": "ask", "price": 3027.489286970159, "quantity": -18.637264246703513, "capture_latency_ms": 0.2701282501220703, "sequence_number": 1}
{"exchange": "mock", "pair": "ETH-USDT", "timestamp_ms": 1754257589384, "side": "ask", "price": 3027.78957354891, "quantity": -18.324510706716058, "capture_latency_ms": 0.2701282501220703, "sequence_number": 1}
{"exchange": "mock", "pair": "ETH-USDT", "timestamp_ms": 1754257589384, "side": "ask", "price": 3028.0898601276613, "quantity": -10.459597649782891, "capture_latency_ms": 0.2701282501220703, "sequence_number": 1}
{"exchange": "mock", "pair": "ETH-USDT", "timestamp_ms": 1754257589384, "side": "ask", "price": 3028.3901467064125, "quantity": -3.1704894101576184, "capture_latency_ms": 0.2701282501220703, "sequence_number": 1}
{"exchange": "mock", "pair": "ETH-USDT", "timestamp_ms": 1754257589384, "side": "ask", "price": 3028.690433285164, "quantity": -4.824120254325094, "capture_latency_ms": 0.2701282501220703, "sequence_number": 1}
{"exchange": "mock", "pair": "ETH-USDT", "timestamp_ms": 1754257589384, "side": "ask", "price": 3028.9907198639153, "quantity": -19.9186908636352, "capture_latency_ms": 0.2701282501220703, "sequence_number": 1}
{"exchange": "mock", "pair": "ETH-USDT", "timestamp_ms": 1754257589384, "side": "ask", "price": 3029.2910064426665, "quantity": -20.844801168950603, "capture_latency_ms": 0.2701282501220703, "sequence_number": 1}
{"exchange": "mock", "pair": "ETH-USDT", "timestamp_ms": 1754257589384, "side": "ask", "price": 3029.5912930214176, "quantity": -1.1978248658041253, "capture_latency_ms": 0.2701282501220703, "sequence_number": 1}
{"exchange": "mock", "pair": "ETH-USDT", "timestamp_ms": 1754257589384, "side": "ask", "price": 3029.891579600169, "quantity": -29.053073661003058, "capture_latency_ms": 0.2701282501220703, "sequence_number": 1}
{"exchange": "mock", "pair": "ETH-USDT", "timestamp_ms": 1754257589384, "side": "ask", "price": 3030.19186617892, "quantity": -6.262434521740189, "capture_latency_ms": 0.2701282501220703, "sequence_number": 1}
{"exchange": "mock", "pair": "ETH-USDT", "timestamp_ms": 1754257589384, "side": "ask", "price": 3030.4921527576716, "quantity": -29.959432497154303, "capture_latency_ms": 0.2701282501220703, "sequence_number": 1}
{"exchange": "mock", "pair": "ETH-USDT", "timestamp_ms": 1754257589384, "side": "ask", "price": 3030.792439336423, "quantity": -35.393335178704554, "capture_latency_ms": 0.2701282501220703, "sequence_number": 1}
{"exchange": "mock", "pair": "ETH-USDT", "timestamp_ms": 1754257589384, "side": "ask", "price": 3031.092725915174, "quantity": -34.015305608587944, "capture_latency_ms": 0.2701282501220703, "sequence_number": 1}
{"exchange": "mock", "pair": "ETH-USDT", "timestamp_ms": 1754257589384, "side": "ask", "price": 3031.393012493925, "quantity": -25.352351167147216, "capture_latency_ms": 0.2701282501220703, "sequence_number": 1}
{"exchange": "mock", "pair": "ETH-USDT", "timestamp_ms": 1754257589384, "side": "ask", "price": 3031.6932990726764, "quantity": -13.692931496239535, "capture_latency_ms": 0.2701282501220703, "sequence_number": 1}
{"exchange": "mock", "pair": "ETH-USDT", "timestamp_ms": 1754257589384, "side": "ask", "price": 3031.9935856514276, "quantity": -7.18067740545246, "capture_latency_ms": 0.2701282501220703, "sequence_number": 1}
{"exchange": "mock", "pair": "ETH-USDT", "timestamp_ms": 1754257589384, "side": "ask", "price": 3032.2938722301787, "quantity": -20.98595613177591, "capture_latency_ms": 0.2701282501220703, "sequence_number": 1}
{"exchange": "mock", "pair": "ETH-USDT", "timestamp_ms": 1754257589384, "side": "ask", "price": 3032.5941588089304, "quantity": -37.9939046043163, "capture_latency_ms": 0.2701282501220703, "sequence_number": 1}
