{"exchange": "mock", "pair": "BTC-USDT", "timestamp_ms": 1754269063867, "side": "bid", "price": 50040.63824150632, "quantity": 8.745435918487983, "capture_latency_ms": 0.17976760864257812, "sequence_number": 1}
{"exchange": "mock", "pair": "BTC-USDT", "timestamp_ms": 1754269063867, "side": "bid", "price": 50035.63417768217, "quantity": 3.8054135665829305, "capture_latency_ms": 0.17976760864257812, "sequence_number": 1}
{"exchange": "mock", "pair": "BTC-USDT", "timestamp_ms": 1754269063867, "side": "bid", "price": 50030.63011385802, "quantity": 9.818923659358894, "capture_latency_ms": 0.17976760864257812, "sequence_number": 1}
{"exchange": "mock", "pair": "BTC-USDT", "timestamp_ms": 1754269063867, "side": "bid", "price": 50025.62605003387, "quantity": 3.928707652330936, "capture_latency_ms": 0.17976760864257812, "sequence_number": 1}
{"exchange": "mock", "pair": "BTC-USDT", "timestamp_ms": 1754269063867, "side": "bid", "price": 50020.62198620972, "quantity": 2.870911993574321, "capture_latency_ms": 0.17976760864257812, "sequence_number": 1}
{"exchange": "mock", "pair": "BTC-USDT", "timestamp_ms": 1754269063867, "side": "bid", "price": 50015.617922385565, "quantity": 5.6325069535358985, "capture_latency_ms": 0.17976760864257812, "sequence_number": 1}
{"exchange": "mock", "pair": "BTC-USDT", "timestamp_ms": 1754269063867, "side": "bid", "price": 50010.61385856142, "quantity": 15.49114718539635, "capture_latency_ms": 0.17976760864257812, "sequence_number": 1}
{"exchange": "mock", "pair": "BTC-USDT", "timestamp_ms": 1754269063867, "side": "bid", "price": 50005.60979473726, "quantity": 4.300262132504962, "capture_latency_ms": 0.17976760864257812, "sequence_number": 1}
{"exchange": "mock", "pair": "BTC-USDT", "timestamp_ms": 1754269063867, "side": "bid", "price": 50000.605730913114, "quantity": 8.419713403254478, "capture_latency_ms": 0.17976760864257812, "sequence_number": 1}
{"exchange": "mock", "pair": "BTC-USDT", "timestamp_ms": 1754269063867, "side": "bid", "price": 49995.601667088966, "quantity": 2.5953495307256924, "capture_latency_ms": 0.17976760864257812, "sequence_number": 1}
{"exchange": "mock", "pair": "BTC-USDT", "timestamp_ms": 1754269063867, "side": "bid", "price": 49990.59760326481, "quantity": 4.032137258064727, "capture_latency_ms": 0.17976760864257812, "sequence_number": 1}
{"exchange": "mock", "pair": "BTC-USDT", "timestamp_ms": 1754269063867, "side": "bid", "price": 49985.59353944066, "quantity": 17.029927790729722, "capture_latency_ms": 0.17976760864257812, "sequence_number": 1}
{"exchange": "mock", "pair": "BTC-USDT", "timestamp_ms": 1754269063867, "side": "bid", "price": 49980.589475616514, "quantity": 12.034287327483122, "capture_latency_ms": 0.17976760864257812, "sequence_number": 1}
{"exchange": "mock", "pair": "BTC-USDT", "timestamp_ms": 1754269063867, "side": "bid", "price": 49975.58541179236, "quantity": 12.596502995349226, "capture_latency_ms": 0.17976760864257812, "sequence_number": 1}
{"exchange": "mock", "pair": "BTC-USDT", "timestamp_ms": 1754269063867, "side": "bid", "price": 49970.58134796821, "quantity": 18.568839759646014, "capture_latency_ms": 0.17976760864257812, "sequence_number": 1}
{"exchange": "mock", "pair": "BTC-USDT", "timestamp_ms": 1754269063867, "side": "bid", "price": 49965.57728414406, "quantity": 3.781444577469743, "capture_latency_ms": 0.17976760864257812, "sequence_number": 1}
{"exchange": "mock", "pair": "BTC-USDT", "timestamp_ms": 1754269063867, "side": "bid", "price": 49960.57322031991, "quantity": 19.421134059697472, "capture_latency_ms": 0.17976760864257812, "sequence_number": 1}
{"exchange": "mock", "pair": "BTC-USDT", "timestamp_ms": 1754269063867, "side": "bid", "price": 49955.56915649576, "quantity": 8.188072062532656, "capture_latency_ms": 0.17976760864257812, "sequence_number": 1}
{"exchange": "mock", "pair": "BTC-USDT", "timestamp_ms": 1754269063867, "side": "bid", "price": 49950.56509267161, "quantity": 26.912648468283663, "capture_latency_ms": 0.17976760864257812, "sequence_number": 1}
{"exchange": "mock", "pair": "BTC-USDT", "timestamp_ms": 1754269063867, "side": "bid", "price": 49945.561028847456, "quantity": 2.171346146997047, "capture_latency_ms": 0.17976760864257812, "sequence_number": 1}
{"exchange": "mock", "pair": "BTC-USDT", "timestamp_ms": 1754269063867, "side": "bid", "price": 49940.55696502331, "quantity": 28.842379500604043, "capture_latency_ms": 0.17976760864257812, "sequence_number": 1}
{"exchange": "mock", "pair": "BTC-USDT", "timestamp_ms": 1754269063867, "side": "bid", "price": 49935.55290119916, "quantity": 5.176311372497836, "capture_latency_ms": 0.17976760864257812, "sequence_number": 1}
{"exchange": "mock", "pair": "BTC-USDT", "timestamp_ms": 1754269063867, "side": "bid", "price": 49930.548837375005, "quantity": 5.250904194855739, "capture_latency_ms": 0.17976760864257812, "sequence_number": 1}
{"exchange": "mock", "pair": "BTC-USDT", "timestamp_ms": 1754269063867, "side": "bid", "price": 49925.54477355086, "quantity": 27.887630255718364, "capture_latency_ms": 0.17976760864257812, "sequence_number": 1}
{"exchange": "mock", "pair": "BTC-USDT", "timestamp_ms": 1754269063867, "side": "bid", "price": 49920.5407097267, "quantity": 29.172322366741167, "capture_latency_ms": 0.17976760864257812, "sequence_number": 1}
{"exchange": "mock", "pair": "BTC-USDT", "timestamp_ms": 1754269063867, "side": "bid", "price": 49915.53664590255, "quantity": 14.154756132204323, "capture_latency_ms": 0.17976760864257812, "sequence_number": 1}
{"exchange": "mock", "pair": "BTC-USDT", "timestamp_ms": 1754269063867, "side": "bid", "price": 49910.532582078406, "quantity": 5.259958247350603, "capture_latency_ms": 0.17976760864257812, "sequence_number": 1}
{"exchange": "mock", "pair": "BTC-USDT", "timestamp_ms": 1754269063867, "side": "bid", "price": 49905.52851825425, "quantity": 4.702386129167873, "capture_latency_ms": 0.17976760864257812, "sequence_number": 1}
{"exchange": "mock", "pair": "BTC-USDT", "timestamp_ms": 1754269063867, "side": "bid", "price": 49900.5244544301, "quantity": 33.63557523848684, "capture_latency_ms": 0.17976760864257812, "sequence_number": 1}
{"exchange": "mock", "pair": "BTC-USDT", "timestamp_ms": 1754269063867, "side": "bid", "price": 49895.520390605954, "quantity": 32.072767464386224, "capture_latency_ms": 0.17976760864257812, "sequence_number": 1}
{"exchange": "mock", "pair": "BTC-USDT", "timestamp_ms": 1754269063867, "side": "bid", "price": 49890.5163267818, "quantity": 37.475068258374584, "capture_latency_ms": 0.17976760864257812, "sequence_number": 1}
{"exchange": "mock", "pair": "BTC-USDT", "timestamp_ms": 1754269063867, "side": "bid", "price": 49885.51226295765, "quantity": 40.68276658828976, "capture_latency_ms": 0.17976760864257812, "sequence_number": 1}
{"exchange": "mock", "pair": "BTC-USDT", "timestamp_ms": 1754269063867, "side": "bid", "price": 49880.5081991335, "quantity": 8.381736955507893, "capture_latency_ms": 0.17976760864257812, "sequence_number": 1}
{"exchange": "mock", "pair": "BTC-USDT", "timestamp_ms": 1754269063867, "side": "bid", "price": 49875.50413530935, "quantity": 36.80158045667302, "capture_latency_ms": 0.17976760864257812, "sequence_number": 1}
{"exchange": "mock", "pair": "BTC-USDT", "timestamp_ms": 1754269063867, "side": "bid", "price": 49870.5000714852, "quantity": 1.8608256561820857, "capture_latency_ms": 0.17976760864257812, "sequence_number": 1}
{"exchange": "mock", "pair": "BTC-USDT", "timestamp_ms": 1754269063867, "side": "bid", "price": 49865.496007661044, "quantity": 20.144009673192578, "capture_latency_ms": 0.17976760864257812, "sequence_number": 1}
{"exchange": "mock", "pair": "BTC-USDT", "timestamp_ms": 1754269063867, "side": "bid", "price": 49860.491943836896, "quantity": 30.402600132938332, "capture_latency_ms": 0.17976760864257812, "sequence_number": 1}
{"exchange": "mock", "pair": "BTC-USDT", "timestamp_ms": 1754269063867, "side": "bid", "price": 49855.48788001275, "quantity": 33.42546666430197, "capture_latency_ms": 0.17976760864257812, "sequence_number": 1}
{"exchange": "mock", "pair": "BTC-USDT", "timestamp_ms": 1754269063867, "side": "bid", "price": 49850.48381618859, "quantity": 25.070294826977566, "capture_latency_ms": 0.17976760864257812, "sequence_number": 1}
{"exchange": "mock", "pair": "BTC-USDT", "timestamp_ms": 1754269063867, "side": "bid", "price": 49845.479752364445, "quantity": 43.16244707686076, "capture_latency_ms": 0.17976760864257812, "sequence_number": 1}
{"exchange": "mock", "pair": "BTC-USDT", "timestamp_ms": 1754269063867, "side": "bid", "price": 49840.4756885403, "quantity": 26.417824855811, "capture_latency_ms": 0.17976760864257812, "sequence_number": 1}
{"exchange": "mock", "pair": "BTC-USDT", "timestamp_ms": 1754269063867, "side": "bid", "price": 49835.47162471614, "quantity": 27.226117056214843, "capture_latency_ms": 0.17976760864257812, "sequence_number": 1}
{"exchange": "mock", "pair": "BTC-USDT", "timestamp_ms": 1754269063867, "side": "bid", "price": 49830.46756089199, "quantity": 21.03155278918519, "capture_latency_ms": 0.17976760864257812, "sequence_number": 1}
{"exchange": "mock", "pair": "BTC-USDT", "timestamp_ms": 1754269063867, "side": "bid", "price": 49825.463497067845, "quantity": 11.049350359682562, "capture_latency_ms": 0.17976760864257812, "sequence_number": 1}
{"exchange": "mock", "pair": "BTC-USDT", "timestamp_ms": 1754269063867, "side": "bid", "price": 49820.45943324369, "quantity": 45.85598150725614, "capture_latency_ms": 0.17976760864257812, "sequence_number": 1}
{"exchange": "mock", "pair": "BTC-USDT", "timestamp_ms": 1754269063867, "side": "bid", "price": 49815.45536941954, "quantity": 14.648365474679043, "capture_latency_ms": 0.17976760864257812, "sequence_number": 1}
{"exchange": "mock", "pair": "BTC-USDT", "timestamp_ms": 1754269063867, "side": "bid", "price": 49810.451305595394, "quantity": 16.219433465045505, "capture_latency_ms": 0.17976760864257812, "sequence_number": 1}
{"exchange": "mock", "pair": "BTC-USDT", "timestamp_ms": 1754269063867, "side": "bid", "price": 49805.44724177124, "quantity": 42.322744512902474, "capture_latency_ms": 0.17976760864257812, "sequence_number": 1}
{"exchange": "mock", "pair": "BTC-USDT", "timestamp_ms": 1754269063867, "side": "bid", "price": 49800.44317794709, "quantity": 27.10110815039328, "capture_latency_ms": 0.17976760864257812, "sequence_number": 1}
{"exchange": "mock", "pair": "BTC-USDT", "timestamp_ms": 1754269063867, "side": "bid", "price": 49795.43911412294, "quantity": 35.704886648828975, "capture_latency_ms": 0.17976760864257812, "sequence_number": 1}
{"exchange": "mock", "pair": "BTC-USDT", "timestamp_ms": 1754269063867, "side": "bid", "price": 49790.43505029879, "quantity": 17.947559471751422, "capture_latency_ms": 0.17976760864257812, "sequence_number": 1}
{"exchange": "mock", "pair": "BTC-USDT", "timestamp_ms": 1754269063867, "side": "bid", "price": 49785.43098647464, "quantity": 19.705865495850915, "capture_latency_ms": 0.17976760864257812, "sequence_number": 1}
{"exchange": "mock", "pair": "BTC-USDT", "timestamp_ms": 1754269063867, "side": "bid", "price": 49780.426922650484, "quantity": 8.301440463486301, "capture_latency_ms": 0.17976760864257812, "sequence_number": 1}
{"exchange": "mock", "pair": "BTC-USDT", "timestamp_ms": 1754269063867, "side": "bid", "price": 49775.422858826336, "quantity": 5.589775424814607, "capture_latency_ms": 0.17976760864257812, "sequence_number": 1}
{"exchange": "mock", "pair": "BTC-USDT", "timestamp_ms": 1754269063867, "side": "bid", "price": 49770.41879500219, "quantity": 23.6764669880182, "capture_latency_ms": 0.17976760864257812, "sequence_number": 1}
{"exchange": "mock", "pair": "BTC-USDT", "timestamp_ms": 1754269063867, "side": "bid", "price": 49765.41473117803, "quantity": 21.5858108773681, "capture_latency_ms": 0.17976760864257812, "sequence_number": 1}
{"exchange": "mock", "pair": "BTC-USDT", "timestamp_ms": 1754269063867, "side": "bid", "price": 49760.410667353884, "quantity": 0.9573827125252952, "capture_latency_ms": 0.17976760864257812, "sequence_number": 1}
{"exchange": "mock", "pair": "BTC-USDT", "timestamp_ms": 1754269063867, "side": "bid", "price": 49755.40660352974, "quantity": 61.46672531374956, "capture_latency_ms": 0.17976760864257812, "sequence_number": 1}
{"exchange": "mock", "pair": "BTC-USDT", "timestamp_ms": 1754269063867, "side": "bid", "price": 49750.40253970558, "quantity": 5.643997634415419, "capture_latency_ms": 0.17976760864257812, "sequence_number": 1}
{"exchange": "mock", "pair": "BTC-USDT", "timestamp_ms": 1754269063867, "side": "bid", "price": 49745.39847588143, "quantity": 47.07289249179101, "capture_latency_ms": 0.17976760864257812, "sequence_number": 1}
{"exchange": "mock", "pair": "BTC-USDT", "timestamp_ms": 1754269063867, "side": "bid", "price": 49740.394412057285, "quantity": 55.01722879070698, "capture_latency_ms": 0.17976760864257812, "sequence_number": 1}
{"exchange": "mock", "pair": "BTC-USDT", "timestamp_ms": 1754269063867, "side": "bid", "price": 49735.39034823313, "quantity": 68.4578439075328, "capture_latency_ms": 0.17976760864257812, "sequence_number": 1}
{"exchange": "mock", "pair": "BTC-USDT", "timestamp_ms": 1754269063867, "side": "bid", "price": 49730.38628440898, "quantity": 22.70640687264846, "capture_latency_ms": 0.17976760864257812, "sequence_number": 1}
{"exchange": "mock", "pair": "BTC-USDT", "timestamp_ms": 1754269063867, "side": "bid", "price": 49725.38222058483, "quantity": 35.94519306401398, "capture_latency_ms": 0.17976760864257812, "sequence_number": 1}
{"exchange": "mock", "pair": "BTC-USDT", "timestamp_ms": 1754269063867, "side": "bid", "price": 49720.37815676068, "quantity": 5.2043926806587875, "capture_latency_ms": 0.17976760864257812, "sequence_number": 1}
{"exchange": "mock", "pair": "BTC-USDT", "timestamp_ms": 1754269063867, "side": "bid", "price": 49715.37409293653, "quantity": 44.08688583466708, "capture_latency_ms": 0.17976760864257812, "sequence_number": 1}
{"exchange": "mock", "pair": "BTC-USDT", "timestamp_ms": 1754269063867, "side": "bid", "price": 49710.370029112375, "quantity": 36.87211802507674, "capture_latency_ms": 0.17976760864257812, "sequence_number": 1}
{"exchange": "mock", "pair": "BTC-USDT", "timestamp_ms": 1754269063867, "side": "bid", "price": 49705.36596528823, "quantity": 50.616779570450355, "capture_latency_ms": 0.17976760864257812, "sequence_number": 1}
{"exchange": "mock", "pair": "BTC-USDT", "timestamp_ms": 1754269063867, "side": "bid", "price": 49700.36190146408, "quantity": 74.24544345501505, "capture_latency_ms": 0.17976760864257812, "sequence_number": 1}
{"exchange": "mock", "pair": "BTC-USDT", "timestamp_ms": 1754269063867, "side": "bid", "price": 49695.357837639924, "quantity": 45.59727042597283, "capture_latency_ms": 0.17976760864257812, "sequence_number": 1}
{"exchange": "mock", "pair": "BTC-USDT", "timestamp_ms": 1754269063867, "side": "bid", "price": 49690.353773815776, "quantity": 54.0753415964067, "capture_latency_ms": 0.17976760864257812, "sequence_number": 1}
{"exchange": "mock", "pair": "BTC-USDT", "timestamp_ms": 1754269063867, "side": "bid", "price": 49685.34970999163, "quantity": 31.08020361703307, "capture_latency_ms": 0.17976760864257812, "sequence_number": 1}
{"exchange": "mock", "pair": "BTC-USDT", "timestamp_ms": 1754269063867, "side": "bid", "price": 49680.34564616747, "quantity": 64.06286847024128, "capture_latency_ms": 0.17976760864257812, "sequence_number": 1}
{"exchange": "mock", "pair": "BTC-USDT", "timestamp_ms": 1754269063867, "side": "bid", "price": 49675.341582343324, "quantity": 9.619095554171432, "capture_latency_ms": 0.17976760864257812, "sequence_number": 1}
{"exchange": "mock", "pair": "BTC-USDT", "timestamp_ms": 1754269063867, "side": "bid", "price": 49670.337518519176, "quantity": 74.03158734223527, "capture_latency_ms": 0.17976760864257812, "sequence_number": 1}
{"exchange": "mock", "pair": "BTC-USDT", "timestamp_ms": 1754269063867, "side": "bid", "price": 49665.33345469502, "quantity": 59.175661963486, "capture_latency_ms": 0.17976760864257812, "sequence_number": 1}
{"exchange": "mock", "pair": "BTC-USDT", "timestamp_ms": 1754269063867, "side": "bid", "price": 49660.32939087087, "quantity": 44.83168387926232, "capture_latency_ms": 0.17976760864257812, "sequence_number": 1}
{"exchange": "mock", "pair": "BTC-USDT", "timestamp_ms": 1754269063867, "side": "bid", "price": 49655.325327046725, "quantity": 29.439024307485646, "capture_latency_ms": 0.17976760864257812, "sequence_number": 1}
{"exchange": "mock", "pair": "BTC-USDT", "timestamp_ms": 1754269063867, "side": "bid", "price": 49650.32126322257, "quantity": 22.58979239470284, "capture_latency_ms": 0.17976760864257812, "sequence_number": 1}
{"exchange": "mock", "pair": "BTC-USDT", "timestamp_ms": 1754269063867, "side": "bid", "price": 49645.31719939842, "quantity": 21.581200501028288, "capture_latency_ms": 0.17976760864257812, "sequence_number": 1}
{"exchange": "mock", "pair": "BTC-USDT", "timestamp_ms": 1754269063867, "side": "bid", "price": 49640.313135574266, "quantity": 19.158825364323512, "capture_latency_ms": 0.17976760864257812, "sequence_number": 1}
{"exchange": "mock", "pair": "BTC-USDT", "timestamp_ms": 1754269063867, "side": "bid", "price": 49635.30907175012, "quantity": 84.3001476691173, "capture_latency_ms": 0.17976760864257812, "sequence_number": 1}
{"exchange": "mock", "pair": "BTC-USDT", "timestamp_ms": 1754269063867, "side": "bid", "price": 49630.30500792597, "quantity": 76.20537227505233, "capture_latency_ms": 0.17976760864257812, "sequence_number": 1}
{"exchange": "mock", "pair": "BTC-USDT", "timestamp_ms": 1754269063867, "side": "bid", "price": 49625.300944101815, "quantity": 5.911206767898689, "capture_latency_ms": 0.17976760864257812, "sequence_number": 1}
{"exchange": "mock", "pair": "BTC-USDT", "timestamp_ms": 1754269063867, "side": "bid", "price": 49620.29688027767, "quantity": 33.78302734808019, "capture_latency_ms": 0.17976760864257812, "sequence_number": 1}
{"exchange": "mock", "pair": "BTC-USDT", "timestamp_ms": 1754269063867, "side": "bid", "price": 49615.29281645352, "quantity": 15.749561174022787, "capture_latency_ms": 0.17976760864257812, "sequence_number": 1}
{"exchange": "mock", "pair": "BTC-USDT", "timestamp_ms": 1754269063867, "side": "bid", "price": 49610.28875262936, "quantity": 94.17207109465932, "capture_latency_ms": 0.17976760864257812, "sequence_number": 1}
{"exchange": "mock", "pair": "BTC-USDT", "timestamp_ms": 1754269063867, "side": "bid", "price": 49605.284688805215, "quantity": 27.345866790473966, "capture_latency_ms": 0.17976760864257812, "sequence_number": 1}
{"exchange": "mock", "pair": "BTC-USDT", "timestamp_ms": 1754269063867, "side": "bid", "price": 49600.28062498107, "quantity": 86.66669084994331, "capture_latency_ms": 0.17976760864257812, "sequence_number": 1}
{"exchange": "mock", "pair": "BTC-USDT", "timestamp_ms": 1754269063867, "side": "bid", "price": 49595.27656115691, "quantity": 43.332981654676814, "capture_latency_ms": 0.17976760864257812, "sequence_number": 1}
{"exchange": "mock", "pair": "BTC-USDT", "timestamp_ms": 1754269063867, "side": "bid", "price": 49590.272497332764, "quantity": 70.81480473216469, "capture_latency_ms": 0.17976760864257812, "sequence_number": 1}
{"exchange": "mock", "pair": "BTC-USDT", "timestamp_ms": 1754269063867, "side": "bid", "price": 49585.26843350861, "quantity": 38.720786668897546, "capture_latency_ms": 0.17976760864257812, "sequence_number": 1}
{"exchange": "mock", "pair": "BTC-USDT", "timestamp_ms": 1754269063867, "side": "bid", "price": 49580.26436968446, "quantity": 99.74300172071449, "capture_latency_ms": 0.17976760864257812, "sequence_number": 1}
{"exchange": "mock", "pair": "BTC-USDT", "timestamp_ms": 1754269063867, "side": "bid", "price": 49575.26030586031, "quantity": 77.70441794248275, "capture_latency_ms": 0.17976760864257812, "sequence_number": 1}
{"exchange": "mock", "pair": "BTC-USDT", "timestamp_ms": 1754269063867, "side": "bid", "price": 49570.25624203616, "quantity": 7.654419035453339, "capture_latency_ms": 0.17976760864257812, "sequence_number": 1}
{"exchange": "mock", "pair": "BTC-USDT", "timestamp_ms": 1754269063867, "side": "bid", "price": 49565.25217821201, "quantity": 52.62113703519453, "capture_latency_ms": 0.17976760864257812, "sequence_number": 1}
{"exchange": "mock", "pair": "BTC-USDT", "timestamp_ms": 1754269063867, "side": "bid", "price": 49560.24811438786, "quantity": 62.74898735761875, "capture_latency_ms": 0.17976760864257812, "sequence_number": 1}
{"exchange": "mock", "pair": "BTC-USDT", "timestamp_ms": 1754269063867, "side": "bid", "price": 49555.244050563706, "quantity": 58.74345160390325, "capture_latency_ms": 0.17976760864257812, "sequence_number": 1}
{"exchange": "mock", "pair": "BTC-USDT", "timestamp_ms": 1754269063867, "side": "bid", "price": 49550.23998673956, "quantity": 58.96598429162084, "capture_latency_ms": 0.17976760864257812, "sequence_number": 1}
{"exchange": "mock", "pair": "BTC-USDT", "timestamp_ms": 1754269063867, "side": "bid", "price": 49545.23592291541, "quantity": 45.58695693103531, "capture_latency_ms": 0.17976760864257812, "sequence_number": 1}
{"exchange": "mock", "pair": "BTC-USDT", "timestamp_ms": 1754269063867, "side": "ask", "price": 50040.63824150632, "quantity": 6.831990067514982, "capture_latency_ms": 0.17976760864257812, "sequence_number": 1}
{"exchange": "mock", "pair": "BTC-USDT", "timestamp_ms": 1754269063867, "side": "ask", "price": 50045.64230533047, "quantity": 8.446149653208625, "capture_latency_ms": 0.17976760864257812, "sequence_number": 1}
{"exchange": "mock", "pair": "BTC-USDT", "timestamp_ms": 1754269063867, "side": "ask", "price": 50050.64636915462, "quantity": 1.0083199128220866, "capture_latency_ms": 0.17976760864257812, "sequence_number": 1}
{"exchange": "mock", "pair": "BTC-USDT", "timestamp_ms": 1754269063867, "side": "ask", "price": 50055.65043297877, "quantity": 2.998250584556617, "capture_latency_ms": 0.17976760864257812, "sequence_number": 1}
{"exchange": "mock", "pair": "BTC-USDT", "timestamp_ms": 1754269063867, "side": "ask", "price": 50060.65449680292, "quantity": 5.335781509311479, "capture_latency_ms": 0.17976760864257812, "sequence_number": 1}
{"exchange": "mock", "pair": "BTC-USDT", "timestamp_ms": 1754269063867, "side": "ask", "price": 50065.658560627075, "quantity": 7.45139316423456, "capture_latency_ms": 0.17976760864257812, "sequence_number": 1}
{"exchange": "mock", "pair": "BTC-USDT", "timestamp_ms": 1754269063867, "side": "ask", "price": 50070.66262445122, "quantity": 2.7767684992623627, "capture_latency_ms": 0.17976760864257812, "sequence_number": 1}
{"exchange": "mock", "pair": "BTC-USDT", "timestamp_ms": 1754269063867, "side": "ask", "price": 50075.66668827538, "quantity": 0.35528282859398547, "capture_latency_ms": 0.17976760864257812, "sequence_number": 1}
{"exchange": "mock", "pair": "BTC-USDT", "timestamp_ms": 1754269063867, "side": "ask", "price": 50080.670752099526, "quantity": 4.942277151519714, "capture_latency_ms": 0.17976760864257812, "sequence_number": 1}
{"exchange": "mock", "pair": "BTC-USDT", "timestamp_ms": 1754269063867, "side": "ask", "price": 50085.674815923674, "quantity": 5.260990890129012, "capture_latency_ms": 0.17976760864257812, "sequence_number": 1}
{"exchange": "mock", "pair": "BTC-USDT", "timestamp_ms": 1754269063867, "side": "ask", "price": 50090.67887974783, "quantity": 0.514229113334577, "capture_latency_ms": 0.17976760864257812, "sequence_number": 1}
{"exchange": "mock", "pair": "BTC-USDT", "timestamp_ms": 1754269063867, "side": "ask", "price": 50095.68294357198, "quantity": 0.32636920294000193, "capture_latency_ms": 0.17976760864257812, "sequence_number": 1}
{"exchange": "mock", "pair": "BTC-USDT", "timestamp_ms": 1754269063867, "side": "ask", "price": 50100.687007396125, "quantity": 0.6393782402040098, "capture_latency_ms": 0.17976760864257812, "sequence_number": 1}
{"exchange": "mock", "pair": "BTC-USDT", "timestamp_ms": 1754269063867, "side": "ask", "price": 50105.69107122028, "quantity": 0.7168152870084118, "capture_latency_ms": 0.17976760864257812, "sequence_number": 1}
{"exchange": "mock", "pair": "BTC-USDT", "timestamp_ms": 1754269063867, "side": "ask", "price": 50110.69513504443, "quantity": 0.6930122438016916, "capture_latency_ms": 0.17976760864257812, "sequence_number": 1}
{"exchange": "mock", "pair": "BTC-USDT", "timestamp_ms": 1754269063867, "side": "ask", "price": 50115.69919886858, "quantity": 1.8878739725180709, "capture_latency_ms": 0.17976760864257812, "sequence_number": 1}
{"exchange": "mock", "pair": "BTC-USDT", "timestamp_ms": 1754269063867, "side": "ask", "price": 50120.70326269273, "quantity": 0.4795776293580236, "capture_latency_ms": 0.17976760864257812, "sequence_number": 1}
{"exchange": "mock", "pair": "BTC-USDT", "timestamp_ms": 1754269063867, "side": "ask", "price": 50125.70732651688, "quantity": 1.1578390122538975, "capture_latency_ms": 0.17976760864257812, "sequence_number": 1}
{"exchange": "mock", "pair": "BTC-USDT", "timestamp_ms": 1754269063867, "side": "ask", "price": 50130.71139034103, "quantity": 0.13241018831208973, "capture_latency_ms": 0.17976760864257812, "sequence_number": 1}
{"exchange": "mock", "pair": "BTC-USDT", "timestamp_ms": 1754269063867, "side": "ask", "price": 50135.71545416518, "quantity": 0.1663613468069613, "capture_latency_ms": 0.17976760864257812, "sequence_number": 1}
{"exchange": "mock", "pair": "BTC-USDT", "timestamp_ms": 1754269063867, "side": "ask", "price": 50140.71951798933, "quantity": 0.0, "capture_latency_ms": 0.17976760864257812, "sequence_number": 1}
{"exchange": "mock", "pair": "BTC-USDT", "timestamp_ms": 1754269063867, "side": "ask", "price": 50145.72358181348, "quantity": -0.19079644174030197, "capture_latency_ms": 0.17976760864257812, "sequence_number": 1}
{"exchange": "mock", "pair": "BTC-USDT", "timestamp_ms": 1754269063867, "side": "ask", "price": 50150.727645637635, "quantity": -0.6198980087297444, "capture_latency_ms": 0.17976760864257812, "sequence_number": 1}
{"exchange": "mock", "pair": "BTC-USDT", "timestamp_ms": 1754269063867, "side": "ask", "price": 50155.73170946178, "quantity": -0.6676425994034856, "capture_latency_ms": 0.17976760864257812, "sequence_number": 1}
{"exchange": "mock", "pair": "BTC-USDT", "timestamp_ms": 1754269063867, "side": "ask", "price": 50160.73577328594, "quantity": -0.1454483643656446, "capture_latency_ms": 0.17976760864257812, "sequence_number": 1}
{"exchange": "mock", "pair": "BTC-USDT", "timestamp_ms": 1754269063867, "side": "ask", "price": 50165.739837110086, "quantity": -0.8944757699038328, "capture_latency_ms": 0.17976760864257812, "sequence_number": 1}
{"exchange": "mock", "pair": "BTC-USDT", "timestamp_ms": 1754269063867, "side": "ask", "price": 50170.743900934234, "quantity": -2.503542824987722, "capture_latency_ms": 0.17976760864257812, "sequence_number": 1}
{"exchange": "mock", "pair": "BTC-USDT", "timestamp_ms": 1754269063867, "side": "ask", "price": 50175.74796475839, "quantity": -2.077446562203054, "capture_latency_ms": 0.17976760864257812, "sequence_number": 1}
{"exchange": "mock", "pair": "BTC-USDT", "timestamp_ms": 1754269063867, "side": "ask", "price": 50180.75202858254, "quantity": -0.21096186277890577, "capture_latency_ms": 0.17976760864257812, "sequence_number": 1}
{"exchange": "mock", "pair": "BTC-USDT", "timestamp_ms": 1754269063867, "side": "ask", "price": 50185.756092406686, "quantity": -2.7239358361235757, "capture_latency_ms": 0.17976760864257812, "sequence_number": 1}
{"exchange": "mock", "pair": "BTC-USDT", "timestamp_ms": 1754269063867, "side": "ask", "price": 50190.76015623084, "quantity": -4.5933955812167016, "capture_latency_ms": 0.17976760864257812, "sequence_number": 1}
{"exchange": "mock", "pair": "BTC-USDT", "timestamp_ms": 1754269063867, "side": "ask", "price": 50195.76422005499, "quantity": -1.2411112745779622, "capture_latency_ms": 0.17976760864257812, "sequence_number": 1}
{"exchange": "mock", "pair": "BTC-USDT", "timestamp_ms": 1754269063867, "side": "ask", "price": 50200.76828387914, "quantity": -4.548366576717942, "capture_latency_ms": 0.17976760864257812, "sequence_number": 1}
{"exchange": "mock", "pair": "BTC-USDT", "timestamp_ms": 1754269063867, "side": "ask", "price": 50205.77234770329, "quantity": -2.1629272344777637, "capture_latency_ms": 0.17976760864257812, "sequence_number": 1}
{"exchange": "mock", "pair": "BTC-USDT", "timestamp_ms": 1754269063867, "side": "ask", "price": 50210.77641152744, "quantity": -5.928265222303513, "capture_latency_ms": 0.17976760864257812, "sequence_number": 1}
{"exchange": "mock", "pair": "BTC-USDT", "timestamp_ms": 1754269063867, "side": "ask", "price": 50215.780475351596, "quantity": -5.2907800512136385, "capture_latency_ms": 0.17976760864257812, "sequence_number": 1}
{"exchange": "mock", "pair": "BTC-USDT", "timestamp_ms": 1754269063867, "side": "ask", "price": 50220.784539175744, "quantity": -4.584274093819759, "capture_latency_ms": 0.17976760864257812, "sequence_number": 1}
{"exchange": "mock", "pair": "BTC-USDT", "timestamp_ms": 1754269063867, "side": "ask", "price": 50225.78860299989, "quantity": -7.20961547393156, "capture_latency_ms": 0.17976760864257812, "sequence_number": 1}
{"exchange": "mock", "pair": "BTC-USDT", "timestamp_ms": 1754269063867, "side": "ask", "price": 50230.79266682405, "quantity": -6.619441503244679, "capture_latency_ms": 0.17976760864257812, "sequence_number": 1}
{"exchange": "mock", "pair": "BTC-USDT", "timestamp_ms": 1754269063867, "side": "ask", "price": 50235.796730648195, "quantity": -3.4256849869686032, "capture_latency_ms": 0.17976760864257812, "sequence_number": 1}
{"exchange": "mock", "pair": "BTC-USDT", "timestamp_ms": 1754269063867, "side": "ask", "price": 50240.80079447234, "quantity": -8.922555540972827, "capture_latency_ms": 0.17976760864257812, "sequence_number": 1}
{"exchange": "mock", "pair": "BTC-USDT", "timestamp_ms": 1754269063867, "side": "ask", "price": 50245.8048582965, "quantity": -3.268672747025702, "capture_latency_ms": 0.17976760864257812, "sequence_number": 1}
{"exchange": "mock", "pair": "BTC-USDT", "timestamp_ms": 1754269063867, "side": "ask", "price": 50250.80892212065, "quantity": -5.024646220421412, "capture_latency_ms": 0.17976760864257812, "sequence_number": 1}
{"exchange": "mock", "pair": "BTC-USDT", "timestamp_ms": 1754269063867, "side": "ask", "price": 50255.812985944794, "quantity": -10.11447757184184, "capture_latency_ms": 0.17976760864257812, "sequence_number": 1}
{"exchange": "mock", "pair": "BTC-USDT", "timestamp_ms": 1754269063867, "side": "ask", "price": 50260.81704976895, "quantity": -7.010608158025618, "capture_latency_ms": 0.17976760864257812, "sequence_number": 1}
{"exchange": "mock", "pair": "BTC-USDT", "timestamp_ms": 1754269063867, "side": "ask", "price": 50265.8211135931, "quantity": -9.68486797535828, "capture_latency_ms": 0.17976760864257812, "sequence_number": 1}
{"exchange": "mock", "pair": "BTC-USDT", "timestamp_ms": 1754269063867, "side": "ask", "price": 50270.825177417246, "quantity": -10.825944869621887, "capture_latency_ms": 0.17976760864257812, "sequence_number": 1}
{"exchange": "mock", "pair": "BTC-USDT", "timestamp_ms": 1754269063867, "side": "ask", "price": 50275.8292412414, "quantity": -11.503101081389154, "capture_latency_ms": 0.17976760864257812, "sequence_number": 1}
{"exchange": "mock", "pair": "BTC-USDT", "timestamp_ms": 1754269063867, "side": "ask", "price": 50280.83330506555, "quantity": -8.506751006741542, "capture_latency_ms": 0.17976760864257812, "sequence_number": 1}
{"exchange": "mock", "pair": "BTC-USDT", "timestamp_ms": 1754269063867, "side": "ask", "price": 50285.8373688897, "quantity": -6.646225029412406, "capture_latency_ms": 0.17976760864257812, "sequence_number": 1}
{"exchange": "mock", "pair": "BTC-USDT", "timestamp_ms": 1754269063867, "side": "ask", "price": 50290.84143271385, "quantity": -4.147243298785048, "capture_latency_ms": 0.17976760864257812, "sequence_number": 1}
{"exchange": "mock", "pair": "BTC-USDT", "timestamp_ms": 1754269063867, "side": "ask", "price": 50295.845496538, "quantity": -3.929224732322838, "capture_latency_ms": 0.17976760864257812, "sequence_number": 1}
{"exchange": "mock", "pair": "BTC-USDT", "timestamp_ms": 1754269063867, "side": "ask", "price": 50300.849560362156, "quantity": -10.304737944988677, "capture_latency_ms": 0.17976760864257812, "sequence_number": 1}
{"exchange": "mock", "pair": "BTC-USDT", "timestamp_ms": 1754269063867, "side": "ask", "price": 50305.853624186304, "quantity": -2.7066848522599734, "capture_latency_ms": 0.17976760864257812, "sequence_number": 1}
{"exchange": "mock", "pair": "BTC-USDT", "timestamp_ms": 1754269063867, "side": "ask", "price": 50310.85768801045, "quantity": -8.898011590939076, "capture_latency_ms": 0.17976760864257812, "sequence_number": 1}
{"exchange": "mock", "pair": "BTC-USDT", "timestamp_ms": 1754269063867, "side": "ask", "price": 50315.86175183461, "quantity": -14.908829126909954, "capture_latency_ms": 0.17976760864257812, "sequence_number": 1}
{"exchange": "mock", "pair": "BTC-USDT", "timestamp_ms": 1754269063867, "side": "ask", "price": 50320.865815658755, "quantity": -3.8890359691706213, "capture_latency_ms": 0.17976760864257812, "sequence_number": 1}
{"exchange": "mock", "pair": "BTC-USDT", "timestamp_ms": 1754269063867, "side": "ask", "price": 50325.8698794829, "quantity": -2.45026894740957, "capture_latency_ms": 0.17976760864257812, "sequence_number": 1}
{"exchange": "mock", "pair": "BTC-USDT", "timestamp_ms": 1754269063867, "side": "ask", "price": 50330.87394330706, "quantity": -4.7040268618262315, "capture_latency_ms": 0.17976760864257812, "sequence_number": 1}
{"exchange": "mock", "pair": "BTC-USDT", "timestamp_ms": 1754269063867, "side": "ask", "price": 50335.87800713121, "quantity": -10.653204539006417, "capture_latency_ms": 0.17976760864257812, "sequence_number": 1}
{"exchange": "mock", "pair": "BTC-USDT", "timestamp_ms": 1754269063867, "side": "ask", "price": 50340.882070955355, "quantity": -9.625472914031963, "capture_latency_ms": 0.17976760864257812, "sequence_number": 1}
{"exchange": "mock", "pair": "BTC-USDT", "timestamp_ms": 1754269063867, "side": "ask", "price": 50345.88613477951, "quantity": -3.5842705647602404, "capture_latency_ms": 0.17976760864257812, "sequence_number": 1}
{"exchange": "mock", "pair": "BTC-USDT", "timestamp_ms": 1754269063867, "side": "ask", "price": 50350.89019860366, "quantity": -14.117427980963582, "capture_latency_ms": 0.17976760864257812, "sequence_number": 1}
{"exchange": "mock", "pair": "BTC-USDT", "timestamp_ms": 1754269063867, "side": "ask", "price": 50355.89426242781, "quantity": -10.590608179923457, "capture_latency_ms": 0.17976760864257812, "sequence_number": 1}
{"exchange": "mock", "pair": "BTC-USDT", "timestamp_ms": 1754269063867, "side": "ask", "price": 50360.89832625196, "quantity": -21.316678348555453, "capture_latency_ms": 0.17976760864257812, "sequence_number": 1}
{"exchange": "mock", "pair": "BTC-USDT", "timestamp_ms": 1754269063867, "side": "ask", "price": 50365.90239007611, "quantity": -12.257387772144824, "capture_latency_ms": 0.17976760864257812, "sequence_number": 1}
{"exchange": "mock", "pair": "BTC-USDT", "timestamp_ms": 1754269063867, "side": "ask", "price": 50370.906453900265, "quantity": -2.65453375279387, "capture_latency_ms": 0.17976760864257812, "sequence_number": 1}
{"exchange": "mock", "pair": "BTC-USDT", "timestamp_ms": 1754269063867, "side": "ask", "price": 50375.91051772441, "quantity": -10.77986639648294, "capture_latency_ms": 0.17976760864257812, "sequence_number": 1}
{"exchange": "mock", "pair": "BTC-USDT", "timestamp_ms": 1754269063867, "side": "ask", "price": 50380.91458154856, "quantity": -21.678069367079456, "capture_latency_ms": 0.17976760864257812, "sequence_number": 1}
{"exchange": "mock", "pair": "BTC-USDT", "timestamp_ms": 1754269063867, "side": "ask", "price": 50385.918645372716, "quantity": -12.466412946681443, "capture_latency_ms": 0.17976760864257812, "sequence_number": 1}
{"exchange": "mock", "pair": "BTC-USDT", "timestamp_ms": 1754269063867, "side": "ask", "price": 50390.922709196864, "quantity": -3.9372030452020272, "capture_latency_ms": 0.17976760864257812, "sequence_number": 1}
{"exchange": "mock", "pair": "BTC-USDT", "timestamp_ms": 1754269063867, "side": "ask", "price": 50395.92677302101, "quantity": -14.526902140241697, "capture_latency_ms": 0.17976760864257812, "sequence_number": 1}
{"exchange": "mock", "pair": "BTC-USDT", "timestamp_ms": 1754269063867, "side": "ask", "price": 50400.93083684517, "quantity": -10.099930411016224, "capture_latency_ms": 0.17976760864257812, "sequence_number": 1}
{"exchange": "mock", "pair": "BTC-USDT", "timestamp_ms": 1754269063867, "side": "ask", "price": 50405.934900669316, "quantity": -1.6295959114296228, "capture_latency_ms": 0.17976760864257812, "sequence_number": 1}
{"exchange": "mock", "pair": "BTC-USDT", "timestamp_ms": 1754269063867, "side": "ask", "price": 50410.93896449346, "quantity": -18.51280335391628, "capture_latency_ms": 0.17976760864257812, "sequence_number": 1}
{"exchange": "mock", "pair": "BTC-USDT", "timestamp_ms": 1754269063867, "side": "ask", "price": 50415.94302831762, "quantity": -1.3589881642313715, "capture_latency_ms": 0.17976760864257812, "sequence_number": 1}
{"exchange": "mock", "pair": "BTC-USDT", "timestamp_ms": 1754269063867, "side": "ask", "price": 50420.94709214177, "quantity": -21.57852089007018, "capture_latency_ms": 0.17976760864257812, "sequence_number": 1}
{"exchange": "mock", "pair": "BTC-USDT", "timestamp_ms": 1754269063867, "side": "ask", "price": 50425.951155965915, "quantity": -15.660267105260976, "capture_latency_ms": 0.17976760864257812, "sequence_number": 1}
{"exchange": "mock", "pair": "BTC-USDT", "timestamp_ms": 1754269063867, "side": "ask", "price": 50430.95521979007, "quantity": -10.274682015154301, "capture_latency_ms": 0.17976760864257812, "sequence_number": 1}
{"exchange": "mock", "pair": "BTC-USDT", "timestamp_ms": 1754269063867, "side": "ask", "price": 50435.95928361422, "quantity": -29.456335198102476, "capture_latency_ms": 0.17976760864257812, "sequence_number": 1}
{"exchange": "mock", "pair": "BTC-USDT", "timestamp_ms": 1754269063867, "side": "ask", "price": 50440.96334743837, "quantity": -5.1634986786087635, "capture_latency_ms": 0.17976760864257812, "sequence_number": 1}
{"exchange": "mock", "pair": "BTC-USDT", "timestamp_ms": 1754269063867, "side": "ask", "price": 50445.96741126252, "quantity": -5.372888850400527, "capture_latency_ms": 0.17976760864257812, "sequence_number": 1}
{"exchange": "mock", "pair": "BTC-USDT", "timestamp_ms": 1754269063867, "side": "ask", "price": 50450.97147508667, "quantity": -8.388401085416003, "capture_latency_ms": 0.17976760864257812, "sequence_number": 1}
{"exchange": "mock", "pair": "BTC-USDT", "timestamp_ms": 1754269063867, "side": "ask", "price": 50455.975538910825, "quantity": -27.16234712117792, "capture_latency_ms": 0.17976760864257812, "sequence_number": 1}
{"exchange": "mock", "pair": "BTC-USDT", "timestamp_ms": 1754269063867, "side": "ask", "price": 50460.97960273497, "quantity": -14.42136644221874, "capture_latency_ms": 0.17976760864257812, "sequence_number": 1}
{"exchange": "mock", "pair": "BTC-USDT", "timestamp_ms": 1754269063867, "side": "ask", "price": 50465.98366655912, "quantity": -7.278672758329979, "capture_latency_ms": 0.17976760864257812, "sequence_number": 1}
{"exchange": "mock", "pair": "BTC-USDT", "timestamp_ms": 1754269063867, "side": "ask", "price": 50470.987730383276, "quantity": -20.020987611141308, "capture_latency_ms": 0.17976760864257812, "sequence_number": 1}
{"exchange": "mock", "pair": "BTC-USDT", "timestamp_ms": 1754269063867, "side": "ask", "price": 50475.991794207424, "quantity": -13.733242854290186, "capture_latency_ms": 0.17976760864257812, "sequence_number": 1}
{"exchange": "mock", "pair": "BTC-USDT", "timestamp_ms": 1754269063867, "side": "ask", "price": 50480.99585803157, "quantity": -16.276943580552103, "capture_latency_ms": 0.17976760864257812, "sequence_number": 1}
{"exchange": "mock", "pair": "BTC-USDT", "timestamp_ms": 1754269063867, "side": "ask", "price": 50485.99992185573, "quantity": -26.678203558437176, "capture_latency_ms": 0.17976760864257812, "sequence_number": 1}
{"exchange": "mock", "pair": "BTC-USDT", "timestamp_ms": 1754269063867, "side": "ask", "price": 50491.003985679876, "quantity": -9.98043344186983, "capture_latency_ms": 0.17976760864257812, "sequence_number": 1}
{"exchange": "mock", "pair": "BTC-USDT", "timestamp_ms": 1754269063867, "side": "ask", "price": 50496.00804950403, "quantity": -2.925056441702195, "capture_latency_ms": 0.17976760864257812, "sequence_number": 1}
{"exchange": "mock", "pair": "BTC-USDT", "timestamp_ms": 1754269063867, "side": "ask", "price": 50501.01211332818, "quantity": -17.68023599622983, "capture_latency_ms": 0.17976760864257812, "sequence_number": 1}
{"exchange": "mock", "pair": "BTC-USDT", "timestamp_ms": 1754269063867, "side": "ask", "price": 50506.01617715233, "quantity": -25.003760913285408, "capture_latency_ms": 0.17976760864257812, "sequence_number": 1}
{"exchange": "mock", "pair": "BTC-USDT", "timestamp_ms": 1754269063867, "side": "ask", "price": 50511.02024097648, "quantity": -11.07949148828374, "capture_latency_ms": 0.17976760864257812, "sequence_number": 1}
{"exchange": "mock", "pair": "BTC-USDT", "timestamp_ms": 1754269063867, "side": "ask", "price": 50516.02430480063, "quantity": -30.147494534490214, "capture_latency_ms": 0.17976760864257812, "sequence_number": 1}
{"exchange": "mock", "pair": "BTC-USDT", "timestamp_ms": 1754269063867, "side": "ask", "price": 50521.02836862478, "quantity": -0.41744190758354155, "capture_latency_ms": 0.17976760864257812, "sequence_number": 1}
{"exchange": "mock", "pair": "BTC-USDT", "timestamp_ms": 1754269063867, "side": "ask", "price": 50526.032432448934, "quantity": -32.30169317884849, "capture_latency_ms": 0.17976760864257812, "sequence_number": 1}
{"exchange": "mock", "pair": "BTC-USDT", "timestamp_ms": 1754269063867, "side": "ask", "price": 50531.03649627308, "quantity": -9.181770770069464, "capture_latency_ms": 0.17976760864257812, "sequence_number": 1}
{"exchange": "mock", "pair": "BTC-USDT", "timestamp_ms": 1754269063867, "side": "ask", "price": 50536.04056009723, "quantity": -21.662824479349897, "capture_latency_ms": 0.17976760864257812, "sequence_number": 1}
{"exchange": "mock", "pair": "ETH-USDT", "timestamp_ms": 1754269063867, "side": "bid", "price": 2999.232571304216, "quantity": 3.0090306474097344, "capture_latency_ms": 0.28061866760253906, "sequence_number": 1}
{"exchange": "mock", "pair": "ETH-USDT", "timestamp_ms": 1754269063867, "side": "bid", "price": 2998.9326480470854, "quantity": 6.607084246908957, "capture_latency_ms": 0.28061866760253906, "sequence_number": 1}
{"exchange": "mock", "pair": "ETH-USDT", "timestamp_ms": 1754269063867, "side": "bid", "price": 2998.6327247899553, "quantity": 6.428910614537274, "capture_latency_ms": 0.28061866760253906, "sequence_number": 1}
{"exchange": "mock", "pair": "ETH-USDT", "timestamp_ms": 1754269063867, "side": "bid", "price": 2998.3328015328248, "quantity": 1.5720390302702034, "capture_latency_ms": 0.28061866760253906, "sequence_number": 1}
{"exchange": "mock", "pair": "ETH-USDT", "timestamp_ms": 1754269063867, "side": "bid", "price": 2998.032878275694, "quantity": 7.330262503370188, "capture_latency_ms": 0.28061866760253906, "sequence_number": 1}
{"exchange": "mock", "pair": "ETH-USDT", "timestamp_ms": 1754269063867, "side": "bid", "price": 2997.732955018564, "quantity": 5.280807158627494, "capture_latency_ms": 0.28061866760253906, "sequence_number": 1}
{"exchange": "mock", "pair": "ETH-USDT", "timestamp_ms": 1754269063867, "side": "bid", "price": 2997.4330317614335, "quantity": 11.18670214287333, "capture_latency_ms": 0.28061866760253906, "sequence_number": 1}
{"exchange": "mock", "pair": "ETH-USDT", "timestamp_ms": 1754269063867, "side": "bid", "price": 2997.133108504303, "quantity": 16.39606544307741, "capture_latency_ms": 0.28061866760253906, "sequence_number": 1}
{"exchange": "mock", "pair": "ETH-USDT", "timestamp_ms": 1754269063867, "side": "bid", "price": 2996.8331852471724, "quantity": 0.7281266014439112, "capture_latency_ms": 0.28061866760253906, "sequence_number": 1}
{"exchange": "mock", "pair": "ETH-USDT", "timestamp_ms": 1754269063867, "side": "bid", "price": 2996.5332619900423, "quantity": 15.930567809657198, "capture_latency_ms": 0.28061866760253906, "sequence_number": 1}
{"exchange": "mock", "pair": "ETH-USDT", "timestamp_ms": 1754269063867, "side": "bid", "price": 2996.2333387329118, "quantity": 1.9894242228047307, "capture_latency_ms": 0.28061866760253906, "sequence_number": 1}
{"exchange": "mock", "pair": "ETH-USDT", "timestamp_ms": 1754269063867, "side": "bid", "price": 2995.933415475781, "quantity": 9.445314248734789, "capture_latency_ms": 0.28061866760253906, "sequence_number": 1}
{"exchange": "mock", "pair": "ETH-USDT", "timestamp_ms": 1754269063867, "side": "bid", "price": 2995.633492218651, "quantity": 18.84914170981804, "capture_latency_ms": 0.28061866760253906, "sequence_number": 1}
{"exchange": "mock", "pair": "ETH-USDT", "timestamp_ms": 1754269063867, "side": "bid", "price": 2995.3335689615205, "quantity": 21.318819198265242, "capture_latency_ms": 0.28061866760253906, "sequence_number": 1}
{"exchange": "mock", "pair": "ETH-USDT", "timestamp_ms": 1754269063867, "side": "bid", "price": 2995.03364570439, "quantity": 10.298381700266702, "capture_latency_ms": 0.28061866760253906, "sequence_number": 1}
{"exchange": "mock", "pair": "ETH-USDT", "timestamp_ms": 1754269063867, "side": "bid", "price": 2994.73372244726, "quantity": 17.636128749898003, "capture_latency_ms": 0.28061866760253906, "sequence_number": 1}
{"exchange": "mock", "pair": "ETH-USDT", "timestamp_ms": 1754269063867, "side": "bid", "price": 2994.4337991901293, "quantity": 14.711526171556033, "capture_latency_ms": 0.28061866760253906, "sequence_number": 1}
{"exchange": "mock", "pair": "ETH-USDT", "timestamp_ms": 1754269063867, "side": "bid", "price": 2994.1338759329988, "quantity": 19.5447676241902, "capture_latency_ms": 0.28061866760253906, "sequence_number": 1}
{"exchange": "mock", "pair": "ETH-USDT", "timestamp_ms": 1754269063867, "side": "bid", "price": 2993.833952675868, "quantity": 18.972470788137695, "capture_latency_ms": 0.28061866760253906, "sequence_number": 1}
{"exchange": "mock", "pair": "ETH-USDT", "timestamp_ms": 1754269063867, "side": "bid", "price": 2993.534029418738, "quantity": 10.532053909921306, "capture_latency_ms": 0.28061866760253906, "sequence_number": 1}
{"exchange": "mock", "pair": "ETH-USDT", "timestamp_ms": 1754269063867, "side": "bid", "price": 2993.2341061616075, "quantity": 1.8233550216400318, "capture_latency_ms": 0.28061866760253906, "sequence_number": 1}
{"exchange": "mock", "pair": "ETH-USDT", "timestamp_ms": 1754269063867, "side": "bid", "price": 2992.934182904477, "quantity": 22.037188876473152, "capture_latency_ms": 0.28061866760253906, "sequence_number": 1}
{"exchange": "mock", "pair": "ETH-USDT", "timestamp_ms": 1754269063867, "side": "bid", "price": 2992.634259647347, "quantity": 5.892908969065019, "capture_latency_ms": 0.28061866760253906, "sequence_number": 1}
{"exchange": "mock", "pair": "ETH-USDT", "timestamp_ms": 1754269063867, "side": "bid", "price": 2992.3343363902163, "quantity": 5.864389103563427, "capture_latency_ms": 0.28061866760253906, "sequence_number": 1}
{"exchange": "mock", "pair": "ETH-USDT", "timestamp_ms": 1754269063867, "side": "bid", "price": 2992.0344131330858, "quantity": 11.58250880336496, "capture_latency_ms": 0.28061866760253906, "sequence_number": 1}
{"exchange": "mock", "pair": "ETH-USDT", "timestamp_ms": 1754269063867, "side": "bid", "price": 2991.7344898759557, "quantity": 19.846596924554767, "capture_latency_ms": 0.28061866760253906, "sequence_number": 1}
{"exchange": "mock", "pair": "ETH-USDT", "timestamp_ms": 1754269063867, "side": "bid", "price": 2991.434566618825, "quantity": 8.967410456607128, "capture_latency_ms": 0.28061866760253906, "sequence_number": 1}
{"exchange": "mock", "pair": "ETH-USDT", "timestamp_ms": 1754269063867, "side": "bid", "price": 2991.1346433616945, "quantity": 26.508317434914048, "capture_latency_ms": 0.28061866760253906, "sequence_number": 1}
{"exchange": "mock", "pair": "ETH-USDT", "timestamp_ms": 1754269063867, "side": "bid", "price": 2990.834720104564, "quantity": 2.9888887455809496, "capture_latency_ms": 0.28061866760253906, "sequence_number": 1}
{"exchange": "mock", "pair": "ETH-USDT", "timestamp_ms": 1754269063867, "side": "bid", "price": 2990.534796847434, "quantity": 17.751157905904748, "capture_latency_ms": 0.28061866760253906, "sequence_number": 1}
{"exchange": "mock", "pair": "ETH-USDT", "timestamp_ms": 1754269063867, "side": "bid", "price": 2990.2348735903033, "quantity": 39.33264121020966, "capture_latency_ms": 0.28061866760253906, "sequence_number": 1}
{"exchange": "mock", "pair": "ETH-USDT", "timestamp_ms": 1754269063867, "side": "bid", "price": 2989.9349503331728, "quantity": 32.18498212571323, "capture_latency_ms": 0.28061866760253906, "sequence_number": 1}
{"exchange": "mock", "pair": "ETH-USDT", "timestamp_ms": 1754269063867, "side": "bid", "price": 2989.6350270760427, "quantity": 21.73641870801267, "capture_latency_ms": 0.28061866760253906, "sequence_number": 1}
{"exchange": "mock", "pair": "ETH-USDT", "timestamp_ms": 1754269063867, "side": "bid", "price": 2989.335103818912, "quantity": 21.841549850559225, "capture_latency_ms": 0.28061866760253906, "sequence_number": 1}
{"exchange": "mock", "pair": "ETH-USDT", "timestamp_ms": 1754269063867, "side": "bid", "price": 2989.0351805617815, "quantity": 4.770060411884745, "capture_latency_ms": 0.28061866760253906, "sequence_number": 1}
{"exchange": "mock", "pair": "ETH-USDT", "timestamp_ms": 1754269063867, "side": "bid", "price": 2988.7352573046514, "quantity": 27.139781630887637, "capture_latency_ms": 0.28061866760253906, "sequence_number": 1}
{"exchange": "mock", "pair": "ETH-USDT", "timestamp_ms": 1754269063867, "side": "bid", "price": 2988.435334047521, "quantity": 38.660203973960364, "capture_latency_ms": 0.28061866760253906, "sequence_number": 1}
{"exchange": "mock", "pair": "ETH-USDT", "timestamp_ms": 1754269063867, "side": "bid", "price": 2988.1354107903903, "quantity": 32.57384129255567, "capture_latency_ms": 0.28061866760253906, "sequence_number": 1}
{"exchange": "mock", "pair": "ETH-USDT", "timestamp_ms": 1754269063867, "side": "bid", "price": 2987.8354875332598, "quantity": 24.648422152818373, "capture_latency_ms": 0.28061866760253906, "sequence_number": 1}
{"exchange": "mock", "pair": "ETH-USDT", "timestamp_ms": 1754269063867, "side": "bid", "price": 2987.5355642761297, "quantity": 12.021346337720205, "capture_latency_ms": 0.28061866760253906, "sequence_number": 1}
{"exchange": "mock", "pair": "ETH-USDT", "timestamp_ms": 1754269063867, "side": "bid", "price": 2987.235641018999, "quantity": 1.3689366805414278, "capture_latency_ms": 0.28061866760253906, "sequence_number": 1}
{"exchange": "mock", "pair": "ETH-USDT", "timestamp_ms": 1754269063867, "side": "bid", "price": 2986.9357177618685, "quantity": 8.415835334317322, "capture_latency_ms": 0.28061866760253906, "sequence_number": 1}
{"exchange": "mock", "pair": "ETH-USDT", "timestamp_ms": 1754269063867, "side": "bid", "price": 2986.6357945047384, "quantity": 12.415425090090356, "capture_latency_ms": 0.28061866760253906, "sequence_number": 1}
{"exchange": "mock", "pair": "ETH-USDT", "timestamp_ms": 1754269063867, "side": "bid", "price": 2986.335871247608, "quantity": 33.98121976425144, "capture_latency_ms": 0.28061866760253906, "sequence_number": 1}
{"exchange": "mock", "pair": "ETH-USDT", "timestamp_ms": 1754269063867, "side": "bid", "price": 2986.0359479904773, "quantity": 31.496992417656553, "capture_latency_ms": 0.28061866760253906, "sequence_number": 1}
{"exchange": "mock", "pair": "ETH-USDT", "timestamp_ms": 1754269063867, "side": "bid", "price": 2985.736024733347, "quantity": 19.67160059019404, "capture_latency_ms": 0.28061866760253906, "sequence_number": 1}
{"exchange": "mock", "pair": "ETH-USDT", "timestamp_ms": 1754269063867, "side": "bid", "price": 2985.4361014762167, "quantity": 23.254236070087277, "capture_latency_ms": 0.28061866760253906, "sequence_number": 1}
{"exchange": "mock", "pair": "ETH-USDT", "timestamp_ms": 1754269063867, "side": "bid", "price": 2985.136178219086, "quantity": 33.63757836555292, "capture_latency_ms": 0.28061866760253906, "sequence_number": 1}
{"exchange": "mock", "pair": "ETH-USDT", "timestamp_ms": 1754269063867, "side": "bid", "price": 2984.8362549619555, "quantity": 19.884929686801126, "capture_latency_ms": 0.28061866760253906, "sequence_number": 1}
{"exchange": "mock", "pair": "ETH-USDT", "timestamp_ms": 1754269063867, "side": "bid", "price": 2984.5363317048254, "quantity": 33.01495999509463, "capture_latency_ms": 0.28061866760253906, "sequence_number": 1}
{"exchange": "mock", "pair": "ETH-USDT", "timestamp_ms": 1754269063867, "side": "bid", "price": 2984.236408447695, "quantity": 56.88224562475635, "capture_latency_ms": 0.28061866760253906, "sequence_number": 1}
{"exchange": "mock", "pair": "ETH-USDT", "timestamp_ms": 1754269063867, "side": "bid", "price": 2983.9364851905643, "quantity": 45.557587838339, "capture_latency_ms": 0.28061866760253906, "sequence_number": 1}
{"exchange": "mock", "pair": "ETH-USDT", "timestamp_ms": 1754269063867, "side": "bid", "price": 2983.636561933434, "quantity": 37.865890008593524, "capture_latency_ms": 0.28061866760253906, "sequence_number": 1}
{"exchange": "mock", "pair": "ETH-USDT", "timestamp_ms": 1754269063867, "side": "bid", "price": 2983.3366386763037, "quantity": 46.18074781891221, "capture_latency_ms": 0.28061866760253906, "sequence_number": 1}
{"exchange": "mock", "pair": "ETH-USDT", "timestamp_ms": 1754269063867, "side": "bid", "price": 2983.036715419173, "quantity": 32.35596521529512, "capture_latency_ms": 0.28061866760253906, "sequence_number": 1}
{"exchange": "mock", "pair": "ETH-USDT", "timestamp_ms": 1754269063867, "side": "bid", "price": 2982.736792162043, "quantity": 64.75255493501936, "capture_latency_ms": 0.28061866760253906, "sequence_number": 1}
{"exchange": "mock", "pair": "ETH-USDT", "timestamp_ms": 1754269063867, "side": "bid", "price": 2982.4368689049124, "quantity": 38.76860572121925, "capture_latency_ms": 0.28061866760253906, "sequence_number": 1}
{"exchange": "mock", "pair": "ETH-USDT", "timestamp_ms": 1754269063867, "side": "bid", "price": 2982.136945647782, "quantity": 64.44035547579988, "capture_latency_ms": 0.28061866760253906, "sequence_number": 1}
{"exchange": "mock", "pair": "ETH-USDT", "timestamp_ms": 1754269063867, "side": "bid", "price": 2981.8370223906513, "quantity": 10.698032798909486, "capture_latency_ms": 0.28061866760253906, "sequence_number": 1}
{"exchange": "mock", "pair": "ETH-USDT", "timestamp_ms": 1754269063867, "side": "bid", "price": 2981.537099133521, "quantity": 10.71013525078163, "capture_latency_ms": 0.28061866760253906, "sequence_number": 1}
{"exchange": "mock", "pair": "ETH-USDT", "timestamp_ms": 1754269063867, "side": "bid", "price": 2981.2371758763907, "quantity": 13.657190299394664, "capture_latency_ms": 0.28061866760253906, "sequence_number": 1}
{"exchange": "mock", "pair": "ETH-USDT", "timestamp_ms": 1754269063867, "side": "bid", "price": 2980.93725261926, "quantity": 44.20243067398857, "capture_latency_ms": 0.28061866760253906, "sequence_number": 1}
{"exchange": "mock", "pair": "ETH-USDT", "timestamp_ms": 1754269063867, "side": "bid", "price": 2980.63732936213, "quantity": 35.78812022743986, "capture_latency_ms": 0.28061866760253906, "sequence_number": 1}
{"exchange": "mock", "pair": "ETH-USDT", "timestamp_ms": 1754269063867, "side": "bid", "price": 2980.3374061049994, "quantity": 31.243923689480265, "capture_latency_ms": 0.28061866760253906, "sequence_number": 1}
{"exchange": "mock", "pair": "ETH-USDT", "timestamp_ms": 1754269063867, "side": "bid", "price": 2980.037482847869, "quantity": 29.692103337661194, "capture_latency_ms": 0.28061866760253906, "sequence_number": 1}
{"exchange": "mock", "pair": "ETH-USDT", "timestamp_ms": 1754269063867, "side": "bid", "price": 2979.737559590739, "quantity": 5.361439414729251, "capture_latency_ms": 0.28061866760253906, "sequence_number": 1}
{"exchange": "mock", "pair": "ETH-USDT", "timestamp_ms": 1754269063867, "side": "bid", "price": 2979.437636333608, "quantity": 19.318721017884233, "capture_latency_ms": 0.28061866760253906, "sequence_number": 1}
{"exchange": "mock", "pair": "ETH-USDT", "timestamp_ms": 1754269063867, "side": "bid", "price": 2979.1377130764777, "quantity": 12.041205867669653, "capture_latency_ms": 0.28061866760253906, "sequence_number": 1}
{"exchange": "mock", "pair": "ETH-USDT", "timestamp_ms": 1754269063867, "side": "bid", "price": 2978.837789819347, "quantity": 7.974996778275454, "capture_latency_ms": 0.28061866760253906, "sequence_number": 1}
{"exchange": "mock", "pair": "ETH-USDT", "timestamp_ms": 1754269063867, "side": "bid", "price": 2978.537866562217, "quantity": 57.050114307851814, "capture_latency_ms": 0.28061866760253906, "sequence_number": 1}
{"exchange": "mock", "pair": "ETH-USDT", "timestamp_ms": 1754269063867, "side": "bid", "price": 2978.2379433050864, "quantity": 2.0938687659254622, "capture_latency_ms": 0.28061866760253906, "sequence_number": 1}
{"exchange": "mock", "pair": "ETH-USDT", "timestamp_ms": 1754269063867, "side": "bid", "price": 2977.938020047956, "quantity": 25.962577600833114, "capture_latency_ms": 0.28061866760253906, "sequence_number": 1}
{"exchange": "mock", "pair": "ETH-USDT", "timestamp_ms": 1754269063867, "side": "bid", "price": 2977.638096790826, "quantity": 70.02100531586956, "capture_latency_ms": 0.28061866760253906, "sequence_number": 1}
{"exchange": "mock", "pair": "ETH-USDT", "timestamp_ms": 1754269063867, "side": "bid", "price": 2977.338173533695, "quantity": 30.03528449070026, "capture_latency_ms": 0.28061866760253906, "sequence_number": 1}
{"exchange": "mock", "pair": "ETH-USDT", "timestamp_ms": 1754269063867, "side": "bid", "price": 2977.0382502765647, "quantity": 14.921551298534661, "capture_latency_ms": 0.28061866760253906, "sequence_number": 1}
{"exchange": "mock", "pair": "ETH-USDT", "timestamp_ms": 1754269063867, "side": "bid", "price": 2976.7383270194346, "quantity": 5.888552194336039, "capture_latency_ms": 0.28061866760253906, "sequence_number": 1}
{"exchange": "mock", "pair": "ETH-USDT", "timestamp_ms": 1754269063867, "side": "bid", "price": 2976.438403762304, "quantity": 26.09974550444256, "capture_latency_ms": 0.28061866760253906, "sequence_number": 1}
{"exchange": "mock", "pair": "ETH-USDT", "timestamp_ms": 1754269063867, "side": "bid", "price": 2976.1384805051734, "quantity": 53.20627554487792, "capture_latency_ms": 0.28061866760253906, "sequence_number": 1}
{"exchange": "mock", "pair": "ETH-USDT", "timestamp_ms": 1754269063867, "side": "bid", "price": 2975.838557248043, "quantity": 23.730030700843862, "capture_latency_ms": 0.28061866760253906, "sequence_number": 1}
{"exchange": "mock", "pair": "ETH-USDT", "timestamp_ms": 1754269063867, "side": "bid", "price": 2975.538633990913, "quantity": 60.800338801942026, "capture_latency_ms": 0.28061866760253906, "sequence_number": 1}
{"exchange": "mock", "pair": "ETH-USDT", "timestamp_ms": 1754269063867, "side": "bid", "price": 2975.238710733782, "quantity": 46.52751146601813, "capture_latency_ms": 0.28061866760253906, "sequence_number": 1}
{"exchange": "mock", "pair": "ETH-USDT", "timestamp_ms": 1754269063867, "side": "bid", "price": 2974.9387874766517, "quantity": 17.943702392405985, "capture_latency_ms": 0.28061866760253906, "sequence_number": 1}
{"exchange": "mock", "pair": "ETH-USDT", "timestamp_ms": 1754269063867, "side": "bid", "price": 2974.6388642195216, "quantity": 1.4977308672565095, "capture_latency_ms": 0.28061866760253906, "sequence_number": 1}
{"exchange": "mock", "pair": "ETH-USDT", "timestamp_ms": 1754269063867, "side": "bid", "price": 2974.338940962391, "quantity": 50.77370988068239, "capture_latency_ms": 0.28061866760253906, "sequence_number": 1}
{"exchange": "mock", "pair": "ETH-USDT", "timestamp_ms": 1754269063867, "side": "bid", "price": 2974.0390177052604, "quantity": 90.26520160376636, "capture_latency_ms": 0.28061866760253906, "sequence_number": 1}
{"exchange": "mock", "pair": "ETH-USDT", "timestamp_ms": 1754269063867, "side": "bid", "price": 2973.7390944481303, "quantity": 57.67615603803374, "capture_latency_ms": 0.28061866760253906, "sequence_number": 1}
{"exchange": "mock", "pair": "ETH-USDT", "timestamp_ms": 1754269063867, "side": "bid", "price": 2973.439171191, "quantity": 63.70612149216915, "capture_latency_ms": 0.28061866760253906, "sequence_number": 1}
{"exchange": "mock", "pair": "ETH-USDT", "timestamp_ms": 1754269063867, "side": "bid", "price": 2973.1392479338692, "quantity": 45.98297894198197, "capture_latency_ms": 0.28061866760253906, "sequence_number": 1}
{"exchange": "mock", "pair": "ETH-USDT", "timestamp_ms": 1754269063867, "side": "bid", "price": 2972.8393246767387, "quantity": 38.78656292861269, "capture_latency_ms": 0.28061866760253906, "sequence_number": 1}
{"exchange": "mock", "pair": "ETH-USDT", "timestamp_ms": 1754269063867, "side": "bid", "price": 2972.5394014196086, "quantity": 87.76833397135157, "capture_latency_ms": 0.28061866760253906, "sequence_number": 1}
{"exchange": "mock", "pair": "ETH-USDT", "timestamp_ms": 1754269063867, "side": "bid", "price": 2972.239478162478, "quantity": 46.377752395176444, "capture_latency_ms": 0.28061866760253906, "sequence_number": 1}
{"exchange": "mock", "pair": "ETH-USDT", "timestamp_ms": 1754269063867, "side": "bid", "price": 2971.9395549053474, "quantity": 91.67399536184246, "capture_latency_ms": 0.28061866760253906, "sequence_number": 1}
{"exchange": "mock", "pair": "ETH-USDT", "timestamp_ms": 1754269063867, "side": "bid", "price": 2971.6396316482173, "quantity": 33.25729329655524, "capture_latency_ms": 0.28061866760253906, "sequence_number": 1}
{"exchange": "mock", "pair": "ETH-USDT", "timestamp_ms": 1754269063867, "side": "bid", "price": 2971.339708391087, "quantity": 20.035345142705783, "capture_latency_ms": 0.28061866760253906, "sequence_number": 1}
{"exchange": "mock", "pair": "ETH-USDT", "timestamp_ms": 1754269063867, "side": "bid", "price": 2971.0397851339562, "quantity": 8.47362493020824, "capture_latency_ms": 0.28061866760253906, "sequence_number": 1}
{"exchange": "mock", "pair": "ETH-USDT", "timestamp_ms": 1754269063867, "side": "bid", "price": 2970.739861876826, "quantity": 20.550104418002967, "capture_latency_ms": 0.28061866760253906, "sequence_number": 1}
{"exchange": "mock", "pair": "ETH-USDT", "timestamp_ms": 1754269063867, "side": "bid", "price": 2970.4399386196956, "quantity": 82.393310234633, "capture_latency_ms": 0.28061866760253906, "sequence_number": 1}
{"exchange": "mock", "pair": "ETH-USDT", "timestamp_ms": 1754269063867, "side": "bid", "price": 2970.140015362565, "quantity": 102.15980913036739, "capture_latency_ms": 0.28061866760253906, "sequence_number": 1}
{"exchange": "mock", "pair": "ETH-USDT", "timestamp_ms": 1754269063867, "side": "bid", "price": 2969.8400921054345, "quantity": 96.48986877474992, "capture_latency_ms": 0.28061866760253906, "sequence_number": 1}
{"exchange": "mock", "pair": "ETH-USDT", "timestamp_ms": 1754269063867, "side": "bid", "price": 2969.5401688483043, "quantity": 33.42682785460371, "capture_latency_ms": 0.28061866760253906, "sequence_number": 1}
{"exchange": "mock", "pair": "ETH-USDT", "timestamp_ms": 1754269063867, "side": "ask", "price": 2999.232571304216, "quantity": 7.011716755240338, "capture_latency_ms": 0.28061866760253906, "sequence_number": 1}
{"exchange": "mock", "pair": "ETH-USDT", "timestamp_ms": 1754269063867, "side": "ask", "price": 2999.5324945613465, "quantity": 3.6624827911485234, "capture_latency_ms": 0.28061866760253906, "sequence_number": 1}
{"exchange": "mock", "pair": "ETH-USDT", "timestamp_ms": 1754269063867, "side": "ask", "price": 2999.8324178184766, "quantity": 7.637087453706032, "capture_latency_ms": 0.28061866760253906, "sequence_number": 1}
{"exchange": "mock", "pair": "ETH-USDT", "timestamp_ms": 1754269063867, "side": "ask", "price": 3000.132341075607, "quantity": 5.149947247314384, "capture_latency_ms": 0.28061866760253906, "sequence_number": 1}
{"exchange": "mock", "pair": "ETH-USDT", "timestamp_ms": 1754269063867, "side": "ask", "price": 3000.4322643327378, "quantity": 0.2407928466137512, "capture_latency_ms": 0.28061866760253906, "sequence_number": 1}
{"exchange": "mock", "pair": "ETH-USDT", "timestamp_ms": 1754269063867, "side": "ask", "price": 3000.732187589868, "quantity": 5.295047440326053, "capture_latency_ms": 0.28061866760253906, "sequence_number": 1}
{"exchange": "mock", "pair": "ETH-USDT", "timestamp_ms": 1754269063867, "side": "ask", "price": 3001.0321108469984, "quantity": 0.9293586334294406, "capture_latency_ms": 0.28061866760253906, "sequence_number": 1}
{"exchange": "mock", "pair": "ETH-USDT", "timestamp_ms": 1754269063867, "side": "ask", "price": 3001.332034104129, "quantity": 1.669015208796094, "capture_latency_ms": 0.28061866760253906, "sequence_number": 1}
{"exchange": "mock", "pair": "ETH-USDT", "timestamp_ms": 1754269063867, "side": "ask", "price": 3001.6319573612595, "quantity": 4.729679263353701, "capture_latency_ms": 0.28061866760253906, "sequence_number": 1}
{"exchange": "mock", "pair": "ETH-USDT", "timestamp_ms": 1754269063867, "side": "ask", "price": 3001.9318806183896, "quantity": 2.037930686710178, "capture_latency_ms": 0.28061866760253906, "sequence_number": 1}
{"exchange": "mock", "pair": "ETH-USDT", "timestamp_ms": 1754269063867, "side": "ask", "price": 3002.23180387552, "quantity": 0.7430373318034297, "capture_latency_ms": 0.28061866760253906, "sequence_number": 1}
{"exchange": "mock", "pair": "ETH-USDT", "timestamp_ms": 1754269063867, "side": "ask", "price": 3002.5317271326508, "quantity": 2.37139834742794, "capture_latency_ms": 0.28061866760253906, "sequence_number": 1}
{"exchange": "mock", "pair": "ETH-USDT", "timestamp_ms": 1754269063867, "side": "ask", "price": 3002.831650389781, "quantity": 3.7042386198087582, "capture_latency_ms": 0.28061866760253906, "sequence_number": 1}
{"exchange": "mock", "pair": "ETH-USDT", "timestamp_ms": 1754269063867, "side": "ask", "price": 3003.1315736469114, "quantity": 2.003689785168113, "capture_latency_ms": 0.28061866760253906, "sequence_number": 1}
{"exchange": "mock", "pair": "ETH-USDT", "timestamp_ms": 1754269063867, "side": "ask", "price": 3003.431496904042, "quantity": 1.987688805902218, "capture_latency_ms": 0.28061866760253906, "sequence_number": 1}
{"exchange": "mock", "pair": "ETH-USDT", "timestamp_ms": 1754269063867, "side": "ask", "price": 3003.731420161172, "quantity": 1.6648760985073734, "capture_latency_ms": 0.28061866760253906, "sequence_number": 1}
{"exchange": "mock", "pair": "ETH-USDT", "timestamp_ms": 1754269063867, "side": "ask", "price": 3004.0313434183026, "quantity": 0.5980667458628557, "capture_latency_ms": 0.28061866760253906, "sequence_number": 1}
{"exchange": "mock", "pair": "ETH-USDT", "timestamp_ms": 1754269063867, "side": "ask", "price": 3004.331266675433, "quantity": 0.9593959819031831, "capture_latency_ms": 0.28061866760253906, "sequence_number": 1}
{"exchange": "mock", "pair": "ETH-USDT", "timestamp_ms": 1754269063867, "side": "ask", "price": 3004.6311899325638, "quantity": 0.8352103560216474, "capture_latency_ms": 0.28061866760253906, "sequence_number": 1}
{"exchange": "mock", "pair": "ETH-USDT", "timestamp_ms": 1754269063867, "side": "ask", "price": 3004.931113189694, "quantity": 0.4233716044950336, "capture_latency_ms": 0.28061866760253906, "sequence_number": 1}
{"exchange": "mock", "pair": "ETH-USDT", "timestamp_ms": 1754269063867, "side": "ask", "price": 3005.2310364468244, "quantity": 0.0, "capture_latency_ms": 0.28061866760253906, "sequence_number": 1}
{"exchange": "mock", "pair": "ETH-USDT", "timestamp_ms": 1754269063867, "side": "ask", "price": 3005.530959703955, "quantity": -0.42156426498274524, "capture_latency_ms": 0.28061866760253906, "sequence_number": 1}
{"exchange": "mock", "pair": "ETH-USDT", "timestamp_ms": 1754269063867, "side": "ask", "price": 3005.830882961085, "quantity": -0.9457078870259892, "capture_latency_ms": 0.28061866760253906, "sequence_number": 1}
{"exchange": "mock", "pair": "ETH-USDT", "timestamp_ms": 1754269063867, "side": "ask", "price": 3006.1308062182156, "quantity": -1.0905841717549962, "capture_latency_ms": 0.28061866760253906, "sequence_number": 1}
{"exchange": "mock", "pair": "ETH-USDT", "timestamp_ms": 1754269063867, "side": "ask", "price": 3006.430729475346, "quantity": -0.28395073146099464, "capture_latency_ms": 0.28061866760253906, "sequence_number": 1}
{"exchange": "mock", "pair": "ETH-USDT", "timestamp_ms": 1754269063867, "side": "ask", "price": 3006.7306527324763, "quantity": -0.1000914003642912, "capture_latency_ms": 0.28061866760253906, "sequence_number": 1}
{"exchange": "mock", "pair": "ETH-USDT", "timestamp_ms": 1754269063867, "side": "ask", "price": 3007.030575989607, "quantity": -2.058055290070524, "capture_latency_ms": 0.28061866760253906, "sequence_number": 1}
{"exchange": "mock", "pair": "ETH-USDT", "timestamp_ms": 1754269063867, "side": "ask", "price": 3007.3304992467374, "quantity": -0.9493481380769239, "capture_latency_ms": 0.28061866760253906, "sequence_number": 1}
{"exchange": "mock", "pair": "ETH-USDT", "timestamp_ms": 1754269063867, "side": "ask", "price": 3007.630422503868, "quantity": -0.9982043874703315, "capture_latency_ms": 0.28061866760253906, "sequence_number": 1}
{"exchange": "mock", "pair": "ETH-USDT", "timestamp_ms": 1754269063867, "side": "ask", "price": 3007.930345760998, "quantity": -3.7252910988957093, "capture_latency_ms": 0.28061866760253906, "sequence_number": 1}
{"exchange": "mock", "pair": "ETH-USDT", "timestamp_ms": 1754269063867, "side": "ask", "price": 3008.2302690181286, "quantity": -1.7962814832019038, "capture_latency_ms": 0.28061866760253906, "sequence_number": 1}
{"exchange": "mock", "pair": "ETH-USDT", "timestamp_ms": 1754269063867, "side": "ask", "price": 3008.530192275259, "quantity": -0.8172513351181181, "capture_latency_ms": 0.28061866760253906, "sequence_number": 1}
{"exchange": "mock", "pair": "ETH-USDT", "timestamp_ms": 1754269063867, "side": "ask", "price": 3008.8301155323893, "quantity": -2.9327198156162027, "capture_latency_ms": 0.28061866760253906, "sequence_number": 1}
{"exchange": "mock", "pair": "ETH-USDT", "timestamp_ms": 1754269063867, "side": "ask", "price": 3009.13003878952, "quantity": -5.686220835289139, "capture_latency_ms": 0.28061866760253906, "sequence_number": 1}
{"exchange": "mock", "pair": "ETH-USDT", "timestamp_ms": 1754269063867, "side": "ask", "price": 3009.4299620466504, "quantity": -6.626701739192313, "capture_latency_ms": 0.28061866760253906, "sequence_number": 1}
{"exchange": "mock", "pair": "ETH-USDT", "timestamp_ms": 1754269063867, "side": "ask", "price": 3009.7298853037805, "quantity": -0.11031460147210456, "capture_latency_ms": 0.28061866760253906, "sequence_number": 1}
{"exchange": "mock", "pair": "ETH-USDT", "timestamp_ms": 1754269063867, "side": "ask", "price": 3010.029808560911, "quantity": -3.281344080784878, "capture_latency_ms": 0.28061866760253906, "sequence_number": 1}
{"exchange": "mock", "pair": "ETH-USDT", "timestamp_ms": 1754269063867, "side": "ask", "price": 3010.3297318180416, "quantity": -5.518932281544457, "capture_latency_ms": 0.28061866760253906, "sequence_number": 1}
{"exchange": "mock", "pair": "ETH-USDT", "timestamp_ms": 1754269063867, "side": "ask", "price": 3010.629655075172, "quantity": -6.281107212430842, "capture_latency_ms": 0.28061866760253906, "sequence_number": 1}
{"exchange": "mock", "pair": "ETH-USDT", "timestamp_ms": 1754269063867, "side": "ask", "price": 3010.9295783323023, "quantity": -5.899866496803326, "capture_latency_ms": 0.28061866760253906, "sequence_number": 1}
{"exchange": "mock", "pair": "ETH-USDT", "timestamp_ms": 1754269063867, "side": "ask", "price": 3011.229501589433, "quantity": -1.4290614277487266, "capture_latency_ms": 0.28061866760253906, "sequence_number": 1}
{"exchange": "mock", "pair": "ETH-USDT", "timestamp_ms": 1754269063867, "side": "ask", "price": 3011.5294248465634, "quantity": -1.8031555461711015, "capture_latency_ms": 0.28061866760253906, "sequence_number": 1}
{"exchange": "mock", "pair": "ETH-USDT", "timestamp_ms": 1754269063867, "side": "ask", "price": 3011.8293481036935, "quantity": -4.7702345095858965, "capture_latency_ms": 0.28061866760253906, "sequence_number": 1}
{"exchange": "mock", "pair": "ETH-USDT", "timestamp_ms": 1754269063867, "side": "ask", "price": 3012.129271360824, "quantity": -1.4504473030540783, "capture_latency_ms": 0.28061866760253906, "sequence_number": 1}
{"exchange": "mock", "pair": "ETH-USDT", "timestamp_ms": 1754269063867, "side": "ask", "price": 3012.4291946179546, "quantity": -0.9320356043428564, "capture_latency_ms": 0.28061866760253906, "sequence_number": 1}
{"exchange": "mock", "pair": "ETH-USDT", "timestamp_ms": 1754269063867, "side": "ask", "price": 3012.7291178750847, "quantity": -3.3736043431552183, "capture_latency_ms": 0.28061866760253906, "sequence_number": 1}
{"exchange": "mock", "pair": "ETH-USDT", "timestamp_ms": 1754269063867, "side": "ask", "price": 3013.0290411322153, "quantity": -7.167073948673503, "capture_latency_ms": 0.28061866760253906, "sequence_number": 1}
{"exchange": "mock", "pair": "ETH-USDT", "timestamp_ms": 1754269063867, "side": "ask", "price": 3013.328964389346, "quantity": -4.14564479329078, "capture_latency_ms": 0.28061866760253906, "sequence_number": 1}
{"exchange": "mock", "pair": "ETH-USDT", "timestamp_ms": 1754269063867, "side": "ask", "price": 3013.6288876464764, "quantity": -4.989238483459523, "capture_latency_ms": 0.28061866760253906, "sequence_number": 1}
{"exchange": "mock", "pair": "ETH-USDT", "timestamp_ms": 1754269063867, "side": "ask", "price": 3013.9288109036065, "quantity": -3.98324142262141, "capture_latency_ms": 0.28061866760253906, "sequence_number": 1}
{"exchange": "mock", "pair": "ETH-USDT", "timestamp_ms": 1754269063867, "side": "ask", "price": 3014.228734160737, "quantity": -13.49107427428129, "capture_latency_ms": 0.28061866760253906, "sequence_number": 1}
{"exchange": "mock", "pair": "ETH-USDT", "timestamp_ms": 1754269063867, "side": "ask", "price": 3014.5286574178676, "quantity": -8.14977748348303, "capture_latency_ms": 0.28061866760253906, "sequence_number": 1}
{"exchange": "mock", "pair": "ETH-USDT", "timestamp_ms": 1754269063867, "side": "ask", "price": 3014.8285806749977, "quantity": -15.089074687586388, "capture_latency_ms": 0.28061866760253906, "sequence_number": 1}
{"exchange": "mock", "pair": "ETH-USDT", "timestamp_ms": 1754269063867, "side": "ask", "price": 3015.1285039321283, "quantity": -2.489825555665445, "capture_latency_ms": 0.28061866760253906, "sequence_number": 1}
{"exchange": "mock", "pair": "ETH-USDT", "timestamp_ms": 1754269063867, "side": "ask", "price": 3015.428427189259, "quantity": -1.0227509176064113, "capture_latency_ms": 0.28061866760253906, "sequence_number": 1}
{"exchange": "mock", "pair": "ETH-USDT", "timestamp_ms": 1754269063867, "side": "ask", "price": 3015.728350446389, "quantity": -11.33608593346922, "capture_latency_ms": 0.28061866760253906, "sequence_number": 1}
{"exchange": "mock", "pair": "ETH-USDT", "timestamp_ms": 1754269063867, "side": "ask", "price": 3016.0282737035195, "quantity": -9.763275629682118, "capture_latency_ms": 0.28061866760253906, "sequence_number": 1}
{"exchange": "mock", "pair": "ETH-USDT", "timestamp_ms": 1754269063867, "side": "ask", "price": 3016.32819696065, "quantity": -15.73706231178078, "capture_latency_ms": 0.28061866760253906, "sequence_number": 1}
{"exchange": "mock", "pair": "ETH-USDT", "timestamp_ms": 1754269063867, "side": "ask", "price": 3016.6281202177806, "quantity": -5.30836147981304, "capture_latency_ms": 0.28061866760253906, "sequence_number": 1}
{"exchange": "mock", "pair": "ETH-USDT", "timestamp_ms": 1754269063867, "side": "ask", "price": 3016.9280434749107, "quantity": -5.467670277137403, "capture_latency_ms": 0.28061866760253906, "sequence_number": 1}
{"exchange": "mock", "pair": "ETH-USDT", "timestamp_ms": 1754269063867, "side": "ask", "price": 3017.2279667320413, "quantity": -4.774234082922063, "capture_latency_ms": 0.28061866760253906, "sequence_number": 1}
{"exchange": "mock", "pair": "ETH-USDT", "timestamp_ms": 1754269063867, "side": "ask", "price": 3017.527889989172, "quantity": -7.133772787350145, "capture_latency_ms": 0.28061866760253906, "sequence_number": 1}
{"exchange": "mock", "pair": "ETH-USDT", "timestamp_ms": 1754269063867, "side": "ask", "price": 3017.827813246302, "quantity": -17.761619025297254, "capture_latency_ms": 0.28061866760253906, "sequence_number": 1}
{"exchange": "mock", "pair": "ETH-USDT", "timestamp_ms": 1754269063867, "side": "ask", "price": 3018.1277365034325, "quantity": -5.88761400598728, "capture_latency_ms": 0.28061866760253906, "sequence_number": 1}
{"exchange": "mock", "pair": "ETH-USDT", "timestamp_ms": 1754269063867, "side": "ask", "price": 3018.427659760563, "quantity": -10.661454862103074, "capture_latency_ms": 0.28061866760253906, "sequence_number": 1}
{"exchange": "mock", "pair": "ETH-USDT", "timestamp_ms": 1754269063867, "side": "ask", "price": 3018.727583017693, "quantity": -16.887227185157816, "capture_latency_ms": 0.28061866760253906, "sequence_number": 1}
{"exchange": "mock", "pair": "ETH-USDT", "timestamp_ms": 1754269063867, "side": "ask", "price": 3019.0275062748237, "quantity": -17.48810166047685, "capture_latency_ms": 0.28061866760253906, "sequence_number": 1}
{"exchange": "mock", "pair": "ETH-USDT", "timestamp_ms": 1754269063867, "side": "ask", "price": 3019.3274295319543, "quantity": -18.083903796551276, "capture_latency_ms": 0.28061866760253906, "sequence_number": 1}
{"exchange": "mock", "pair": "ETH-USDT", "timestamp_ms": 1754269063867, "side": "ask", "price": 3019.627352789085, "quantity": -22.24127719160649, "capture_latency_ms": 0.28061866760253906, "sequence_number": 1}
{"exchange": "mock", "pair": "ETH-USDT", "timestamp_ms": 1754269063867, "side": "ask", "price": 3019.927276046215, "quantity": -11.143046434814632, "capture_latency_ms": 0.28061866760253906, "sequence_number": 1}
{"exchange": "mock", "pair": "ETH-USDT", "timestamp_ms": 1754269063867, "side": "ask", "price": 3020.2271993033455, "quantity": -7.625449588854712, "capture_latency_ms": 0.28061866760253906, "sequence_number": 1}
{"exchange": "mock", "pair": "ETH-USDT", "timestamp_ms": 1754269063867, "side": "ask", "price": 3020.527122560476, "quantity": -13.177613465701986, "capture_latency_ms": 0.28061866760253906, "sequence_number": 1}
{"exchange": "mock", "pair": "ETH-USDT", "timestamp_ms": 1754269063867, "side": "ask", "price": 3020.827045817606, "quantity": -25.80909118218015, "capture_latency_ms": 0.28061866760253906, "sequence_number": 1}
{"exchange": "mock", "pair": "ETH-USDT", "timestamp_ms": 1754269063867, "side": "ask", "price": 3021.1269690747367, "quantity": -10.222663945568696, "capture_latency_ms": 0.28061866760253906, "sequence_number": 1}
{"exchange": "mock", "pair": "ETH-USDT", "timestamp_ms": 1754269063867, "side": "ask", "price": 3021.4268923318673, "quantity": -15.2538872451103, "capture_latency_ms": 0.28061866760253906, "sequence_number": 1}
{"exchange": "mock", "pair": "ETH-USDT", "timestamp_ms": 1754269063867, "side": "ask", "price": 3021.7268155889974, "quantity": -24.295588750396533, "capture_latency_ms": 0.28061866760253906, "sequence_number": 1}
{"exchange": "mock", "pair": "ETH-USDT", "timestamp_ms": 1754269063867, "side": "ask", "price": 3022.026738846128, "quantity": -26.260992116620585, "capture_latency_ms": 0.28061866760253906, "sequence_number": 1}
{"exchange": "mock", "pair": "ETH-USDT", "timestamp_ms": 1754269063867, "side": "ask", "price": 3022.3266621032585, "quantity": -9.230857641583704, "capture_latency_ms": 0.28061866760253906, "sequence_number": 1}
{"exchange": "mock", "pair": "ETH-USDT", "timestamp_ms": 1754269063867, "side": "ask", "price": 3022.626585360389, "quantity": -22.40653182845325, "capture_latency_ms": 0.28061866760253906, "sequence_number": 1}
{"exchange": "mock", "pair": "ETH-USDT", "timestamp_ms": 1754269063867, "side": "ask", "price": 3022.926508617519, "quantity": -8.802696104273616, "capture_latency_ms": 0.28061866760253906, "sequence_number": 1}
{"exchange": "mock", "pair": "ETH-USDT", "timestamp_ms": 1754269063867, "side": "ask", "price": 3023.2264318746497, "quantity": -14.731576399349708, "capture_latency_ms": 0.28061866760253906, "sequence_number": 1}
{"exchange": "mock", "pair": "ETH-USDT", "timestamp_ms": 1754269063867, "side": "ask", "price": 3023.5263551317803, "quantity": -30.15128649477269, "capture_latency_ms": 0.28061866760253906, "sequence_number": 1}
{"exchange": "mock", "pair": "ETH-USDT", "timestamp_ms": 1754269063867, "side": "ask", "price": 3023.8262783889104, "quantity": -17.979933503348597, "capture_latency_ms": 0.28061866760253906, "sequence_number": 1}
{"exchange": "mock", "pair": "ETH-USDT", "timestamp_ms": 1754269063867, "side": "ask", "price": 3024.126201646041, "quantity": -12.513159977531167, "capture_latency_ms": 0.28061866760253906, "sequence_number": 1}
{"exchange": "mock", "pair": "ETH-USDT", "timestamp_ms": 1754269063867, "side": "ask", "price": 3024.4261249031715, "quantity": -10.983717845887078, "capture_latency_ms": 0.28061866760253906, "sequence_number": 1}
{"exchange": "mock", "pair": "ETH-USDT", "timestamp_ms": 1754269063867, "side": "ask", "price": 3024.7260481603016, "quantity": -0.8377137812660934, "capture_latency_ms": 0.28061866760253906, "sequence_number": 1}
{"exchange": "mock", "pair": "ETH-USDT", "timestamp_ms": 1754269063867, "side": "ask", "price": 3025.025971417432, "quantity": -5.350342841083435, "capture_latency_ms": 0.28061866760253906, "sequence_number": 1}
{"exchange": "mock", "pair": "ETH-USDT", "timestamp_ms": 1754269063867, "side": "ask", "price": 3025.3258946745627, "quantity": -31.410916035876348, "capture_latency_ms": 0.28061866760253906, "sequence_number": 1}
{"exchange": "mock", "pair": "ETH-USDT", "timestamp_ms": 1754269063867, "side": "ask", "price": 3025.6258179316933, "quantity": -1.7188360656704953, "capture_latency_ms": 0.28061866760253906, "sequence_number": 1}
{"exchange": "mock", "pair": "ETH-USDT", "timestamp_ms": 1754269063867, "side": "ask", "price": 3025.9257411888234, "quantity": -7.31352146925764, "capture_latency_ms": 0.28061866760253906, "sequence_number": 1}
{"exchange": "mock", "pair": "ETH-USDT", "timestamp_ms": 1754269063867, "side": "ask", "price": 3026.225664445954, "quantity": -3.333242192098469, "capture_latency_ms": 0.28061866760253906, "sequence_number": 1}
{"exchange": "mock", "pair": "ETH-USDT", "timestamp_ms": 1754269063867, "side": "ask", "price": 3026.5255877030845, "quantity": -1.759227889841874, "capture_latency_ms": 0.28061866760253906, "sequence_number": 1}
{"exchange": "mock", "pair": "ETH-USDT", "timestamp_ms": 1754269063867, "side": "ask", "price": 3026.8255109602146, "quantity": -9.44146417688951, "capture_latency_ms": 0.28061866760253906, "sequence_number": 1}
{"exchange": "mock", "pair": "ETH-USDT", "timestamp_ms": 1754269063867, "side": "ask", "price": 3027.125434217345, "quantity": -13.731888019277694, "capture_latency_ms": 0.28061866760253906, "sequence_number": 1}
{"exchange": "mock", "pair": "ETH-USDT", "timestamp_ms": 1754269063867, "side": "ask", "price": 3027.4253574744757, "quantity": -18.057462604148107, "capture_latency_ms": 0.28061866760253906, "sequence_number": 1}
{"exchange": "mock", "pair": "ETH-USDT", "timestamp_ms": 1754269063867, "side": "ask", "price": 3027.725280731606, "quantity": -32.68511244810482, "capture_latency_ms": 0.28061866760253906, "sequence_number": 1}
{"exchange": "mock", "pair": "ETH-USDT", "timestamp_ms": 1754269063867, "side": "ask", "price": 3028.0252039887364, "quantity": -29.60437221827003, "capture_latency_ms": 0.28061866760253906, "sequence_number": 1}
{"exchange": "mock", "pair": "ETH-USDT", "timestamp_ms": 1754269063867, "side": "ask", "price": 3028.325127245867, "quantity": -26.11243484810553, "capture_latency_ms": 0.28061866760253906, "sequence_number": 1}
{"exchange": "mock", "pair": "ETH-USDT", "timestamp_ms": 1754269063867, "side": "ask", "price": 3028.6250505029975, "quantity": -28.786517959915273, "capture_latency_ms": 0.28061866760253906, "sequence_number": 1}
{"exchange": "mock", "pair": "ETH-USDT", "timestamp_ms": 1754269063867, "side": "ask", "price": 3028.9249737601276, "quantity": -31.039180781138132, "capture_latency_ms": 0.28061866760253906, "sequence_number": 1}
{"exchange": "mock", "pair": "BTC-USDT", "timestamp_ms": 1754269064869, "side": "bid", "price": 50025.66124649568, "quantity": 0.1460876375794746, "capture_latency_ms": 0.4210472106933594, "sequence_number": 2}
{"exchange": "mock", "pair": "BTC-USDT", "timestamp_ms": 1754269064869, "side": "bid", "price": 50020.65868037103, "quantity": 9.025444879233728, "capture_latency_ms": 0.4210472106933594, "sequence_number": 2}
{"exchange": "mock", "pair": "BTC-USDT", "timestamp_ms": 1754269064869, "side": "bid", "price": 50015.656114246376, "quantity": 5.9724238537019065, "capture_latency_ms": 0.4210472106933594, "sequence_number": 2}
{"exchange": "mock", "pair": "BTC-USDT", "timestamp_ms": 1754269064869, "side": "bid", "price": 50010.65354812173, "quantity": 10.806293062597012, "capture_latency_ms": 0.4210472106933594, "sequence_number": 2}
{"exchange": "mock", "pair": "BTC-USDT", "timestamp_ms": 1754269064869, "side": "bid", "price": 50005.65098199708, "quantity": 10.419642640007977, "capture_latency_ms": 0.4210472106933594, "sequence_number": 2}
{"exchange": "mock", "pair": "BTC-USDT", "timestamp_ms": 1754269064869, "side": "bid", "price": 50000.64841587243, "quantity": 9.60914583853645, "capture_latency_ms": 0.4210472106933594, "sequence_number": 2}
{"exchange": "mock", "pair": "BTC-USDT", "timestamp_ms": 1754269064869, "side": "bid", "price": 49995.64584974778, "quantity": 7.826660790331598, "capture_latency_ms": 0.4210472106933594, "sequence_number": 2}
{"exchange": "mock", "pair": "BTC-USDT", "timestamp_ms": 1754269064869, "side": "bid", "price": 49990.64328362313, "quantity": 11.65028987679797, "capture_latency_ms": 0.4210472106933594, "sequence_number": 2}
{"exchange": "mock", "pair": "BTC-USDT", "timestamp_ms": 1754269064869, "side": "bid", "price": 49985.64071749848, "quantity": 6.104659748522776, "capture_latency_ms": 0.4210472106933594, "sequence_number": 2}
{"exchange": "mock", "pair": "BTC-USDT", "timestamp_ms": 1754269064869, "side": "bid", "price": 49980.63815137383, "quantity": 18.684382504182725, "capture_latency_ms": 0.4210472106933594, "sequence_number": 2}
{"exchange": "mock", "pair": "BTC-USDT", "timestamp_ms": 1754269064869, "side": "bid", "price": 49975.63558524918, "quantity": 9.811122906849624, "capture_latency_ms": 0.4210472106933594, "sequence_number": 2}
{"exchange": "mock", "pair": "BTC-USDT", "timestamp_ms": 1754269064869, "side": "bid", "price": 49970.633019124536, "quantity": 3.5579253423630153, "capture_latency_ms": 0.4210472106933594, "sequence_number": 2}
{"exchange": "mock", "pair": "BTC-USDT", "timestamp_ms": 1754269064869, "side": "bid", "price": 49965.63045299988, "quantity": 2.829727645088791, "capture_latency_ms": 0.4210472106933594, "sequence_number": 2}
{"exchange": "mock", "pair": "BTC-USDT", "timestamp_ms": 1754269064869, "side": "bid", "price": 49960.627886875234, "quantity": 10.260082636950932, "capture_latency_ms": 0.4210472106933594, "sequence_number": 2}
{"exchange": "mock", "pair": "BTC-USDT", "timestamp_ms": 1754269064869, "side": "bid", "price": 49955.62532075059, "quantity": 7.1480374286481565, "capture_latency_ms": 0.4210472106933594, "sequence_number": 2}
{"exchange": "mock", "pair": "BTC-USDT", "timestamp_ms": 1754269064869, "side": "bid", "price": 49950.62275462593, "quantity": 20.175161770561107, "capture_latency_ms": 0.4210472106933594, "sequence_number": 2}
{"exchange": "mock", "pair": "BTC-USDT", "timestamp_ms": 1754269064869, "side": "bid", "price": 49945.620188501285, "quantity": 9.422450389853752, "capture_latency_ms": 0.4210472106933594, "sequence_number": 2}
{"exchange": "mock", "pair": "BTC-USDT", "timestamp_ms": 1754269064869, "side": "bid", "price": 49940.61762237664, "quantity": 3.44954484764864, "capture_latency_ms": 0.4210472106933594, "sequence_number": 2}
{"exchange": "mock", "pair": "BTC-USDT", "timestamp_ms": 1754269064869, "side": "bid", "price": 49935.61505625198, "quantity": 1.3824117733154513, "capture_latency_ms": 0.4210472106933594, "sequence_number": 2}
{"exchange": "mock", "pair": "BTC-USDT", "timestamp_ms": 1754269064869, "side": "bid", "price": 49930.612490127336, "quantity": 20.550274477058803, "capture_latency_ms": 0.4210472106933594, "sequence_number": 2}
{"exchange": "mock", "pair": "BTC-USDT", "timestamp_ms": 1754269064869, "side": "bid", "price": 49925.60992400269, "quantity": 17.069918590276217, "capture_latency_ms": 0.4210472106933594, "sequence_number": 2}
{"exchange": "mock", "pair": "BTC-USDT", "timestamp_ms": 1754269064869, "side": "bid", "price": 49920.607357878034, "quantity": 13.910792999603059, "capture_latency_ms": 0.4210472106933594, "sequence_number": 2}
{"exchange": "mock", "pair": "BTC-USDT", "timestamp_ms": 1754269064869, "side": "bid", "price": 49915.60479175339, "quantity": 5.07590736680612, "capture_latency_ms": 0.4210472106933594, "sequence_number": 2}
{"exchange": "mock", "pair": "BTC-USDT", "timestamp_ms": 1754269064869, "side": "bid", "price": 49910.60222562874, "quantity": 11.533060866695095, "capture_latency_ms": 0.4210472106933594, "sequence_number": 2}
{"exchange": "mock", "pair": "BTC-USDT", "timestamp_ms": 1754269064869, "side": "bid", "price": 49905.599659504085, "quantity": 0.9411056442752141, "capture_latency_ms": 0.4210472106933594, "sequence_number": 2}
{"exchange": "mock", "pair": "BTC-USDT", "timestamp_ms": 1754269064869, "side": "bid", "price": 49900.59709337944, "quantity": 6.71874386280634, "capture_latency_ms": 0.4210472106933594, "sequence_number": 2}
{"exchange": "mock", "pair": "BTC-USDT", "timestamp_ms": 1754269064869, "side": "bid", "price": 49895.59452725479, "quantity": 20.623547780791732, "capture_latency_ms": 0.4210472106933594, "sequence_number": 2}
{"exchange": "mock", "pair": "BTC-USDT", "timestamp_ms": 1754269064869, "side": "bid", "price": 49890.591961130136, "quantity": 5.92112962443102, "capture_latency_ms": 0.4210472106933594, "sequence_number": 2}
{"exchange": "mock", "pair": "BTC-USDT", "timestamp_ms": 1754269064869, "side": "bid", "price": 49885.58939500549, "quantity": 8.830356408179453, "capture_latency_ms": 0.4210472106933594, "sequence_number": 2}
{"exchange": "mock", "pair": "BTC-USDT", "timestamp_ms": 1754269064869, "side": "bid", "price": 49880.58682888084, "quantity": 12.030480167506612, "capture_latency_ms": 0.4210472106933594, "sequence_number": 2}
{"exchange": "mock", "pair": "BTC-USDT", "timestamp_ms": 1754269064869, "side": "bid", "price": 49875.584262756194, "quantity": 4.611144727927027, "capture_latency_ms": 0.4210472106933594, "sequence_number": 2}
{"exchange": "mock", "pair": "BTC-USDT", "timestamp_ms": 1754269064869, "side": "bid", "price": 49870.58169663154, "quantity": 36.72116959305071, "capture_latency_ms": 0.4210472106933594, "sequence_number": 2}
{"exchange": "mock", "pair": "BTC-USDT", "timestamp_ms": 1754269064869, "side": "bid", "price": 49865.57913050689, "quantity": 16.061459654367884, "capture_latency_ms": 0.4210472106933594, "sequence_number": 2}
{"exchange": "mock", "pair": "BTC-USDT", "timestamp_ms": 1754269064869, "side": "bid", "price": 49860.576564382245, "quantity": 20.71173830582753, "capture_latency_ms": 0.4210472106933594, "sequence_number": 2}
{"exchange": "mock", "pair": "BTC-USDT", "timestamp_ms": 1754269064869, "side": "bid", "price": 49855.57399825759, "quantity": 14.0452832736569, "capture_latency_ms": 0.4210472106933594, "sequence_number": 2}
{"exchange": "mock", "pair": "BTC-USDT", "timestamp_ms": 1754269064869, "side": "bid", "price": 49850.57143213294, "quantity": 29.2784245253177, "capture_latency_ms": 0.4210472106933594, "sequence_number": 2}
{"exchange": "mock", "pair": "BTC-USDT", "timestamp_ms": 1754269064869, "side": "bid", "price": 49845.568866008296, "quantity": 12.556404823990468, "capture_latency_ms": 0.4210472106933594, "sequence_number": 2}
{"exchange": "mock", "pair": "BTC-USDT", "timestamp_ms": 1754269064869, "side": "bid", "price": 49840.56629988364, "quantity": 42.10227821090843, "capture_latency_ms": 0.4210472106933594, "sequence_number": 2}
{"exchange": "mock", "pair": "BTC-USDT", "timestamp_ms": 1754269064869, "side": "bid", "price": 49835.563733758994, "quantity": 21.238190301838394, "capture_latency_ms": 0.4210472106933594, "sequence_number": 2}
{"exchange": "mock", "pair": "BTC-USDT", "timestamp_ms": 1754269064869, "side": "bid", "price": 49830.56116763435, "quantity": 12.38503015164047, "capture_latency_ms": 0.4210472106933594, "sequence_number": 2}
{"exchange": "mock", "pair": "BTC-USDT", "timestamp_ms": 1754269064869, "side": "bid", "price": 49825.55860150969, "quantity": 38.590094891615735, "capture_latency_ms": 0.4210472106933594, "sequence_number": 2}
{"exchange": "mock", "pair": "BTC-USDT", "timestamp_ms": 1754269064869, "side": "bid", "price": 49820.556035385045, "quantity": 49.562182679347245, "capture_latency_ms": 0.4210472106933594, "sequence_number": 2}
{"exchange": "mock", "pair": "BTC-USDT", "timestamp_ms": 1754269064869, "side": "bid", "price": 49815.5534692604, "quantity": 3.34482578352177, "capture_latency_ms": 0.4210472106933594, "sequence_number": 2}
{"exchange": "mock", "pair": "BTC-USDT", "timestamp_ms": 1754269064869, "side": "bid", "price": 49810.55090313574, "quantity": 22.716317528839664, "capture_latency_ms": 0.4210472106933594, "sequence_number": 2}
{"exchange": "mock", "pair": "BTC-USDT", "timestamp_ms": 1754269064869, "side": "bid", "price": 49805.548337011096, "quantity": 29.947018567813416, "capture_latency_ms": 0.4210472106933594, "sequence_number": 2}
{"exchange": "mock", "pair": "BTC-USDT", "timestamp_ms": 1754269064869, "side": "bid", "price": 49800.54577088645, "quantity": 45.87108281810184, "capture_latency_ms": 0.4210472106933594, "sequence_number": 2}
{"exchange": "mock", "pair": "BTC-USDT", "timestamp_ms": 1754269064869, "side": "bid", "price": 49795.543204761794, "quantity": 52.18534779162685, "capture_latency_ms": 0.4210472106933594, "sequence_number": 2}
{"exchange": "mock", "pair": "BTC-USDT", "timestamp_ms": 1754269064869, "side": "bid", "price": 49790.54063863715, "quantity": 6.726267350001564, "capture_latency_ms": 0.4210472106933594, "sequence_number": 2}
{"exchange": "mock", "pair": "BTC-USDT", "timestamp_ms": 1754269064869, "side": "bid", "price": 49785.5380725125, "quantity": 55.707317418505205, "capture_latency_ms": 0.4210472106933594, "sequence_number": 2}
{"exchange": "mock", "pair": "BTC-USDT", "timestamp_ms": 1754269064869, "side": "bid", "price": 49780.53550638785, "quantity": 24.85741582628385, "capture_latency_ms": 0.4210472106933594, "sequence_number": 2}
{"exchange": "mock", "pair": "BTC-USDT", "timestamp_ms": 1754269064869, "side": "bid", "price": 49775.5329402632, "quantity": 40.87546987276399, "capture_latency_ms": 0.4210472106933594, "sequence_number": 2}
{"exchange": "mock", "pair": "BTC-USDT", "timestamp_ms": 1754269064869, "side": "bid", "price": 49770.53037413855, "quantity": 56.9401672104234, "capture_latency_ms": 0.4210472106933594, "sequence_number": 2}
{"exchange": "mock", "pair": "BTC-USDT", "timestamp_ms": 1754269064869, "side": "bid", "price": 49765.5278080139, "quantity": 5.646081283739361, "capture_latency_ms": 0.4210472106933594, "sequence_number": 2}
{"exchange": "mock", "pair": "BTC-USDT", "timestamp_ms": 1754269064869, "side": "bid", "price": 49760.52524188925, "quantity": 52.57549914422472, "capture_latency_ms": 0.4210472106933594, "sequence_number": 2}
{"exchange": "mock", "pair": "BTC-USDT", "timestamp_ms": 1754269064869, "side": "bid", "price": 49755.5226757646, "quantity": 4.969792343010417, "capture_latency_ms": 0.4210472106933594, "sequence_number": 2}
{"exchange": "mock", "pair": "BTC-USDT", "timestamp_ms": 1754269064869, "side": "bid", "price": 49750.520109639954, "quantity": 63.72375240264495, "capture_latency_ms": 0.4210472106933594, "sequence_number": 2}
{"exchange": "mock", "pair": "BTC-USDT", "timestamp_ms": 1754269064869, "side": "bid", "price": 49745.5175435153, "quantity": 21.80654491798689, "capture_latency_ms": 0.4210472106933594, "sequence_number": 2}
{"exchange": "mock", "pair": "BTC-USDT", "timestamp_ms": 1754269064869, "side": "bid", "price": 49740.51497739065, "quantity": 52.36475844218417, "capture_latency_ms": 0.4210472106933594, "sequence_number": 2}
{"exchange": "mock", "pair": "BTC-USDT", "timestamp_ms": 1754269064869, "side": "bid", "price": 49735.512411266005, "quantity": 31.57487142529584, "capture_latency_ms": 0.4210472106933594, "sequence_number": 2}
{"exchange": "mock", "pair": "BTC-USDT", "timestamp_ms": 1754269064869, "side": "bid", "price": 49730.50984514135, "quantity": 55.348862366380445, "capture_latency_ms": 0.4210472106933594, "sequence_number": 2}
{"exchange": "mock", "pair": "BTC-USDT", "timestamp_ms": 1754269064869, "side": "bid", "price": 49725.5072790167, "quantity": 43.36189899567254, "capture_latency_ms": 0.4210472106933594, "sequence_number": 2}
{"exchange": "mock", "pair": "BTC-USDT", "timestamp_ms": 1754269064869, "side": "bid", "price": 49720.504712892056, "quantity": 38.86457806699416, "capture_latency_ms": 0.4210472106933594, "sequence_number": 2}
{"exchange": "mock", "pair": "BTC-USDT", "timestamp_ms": 1754269064869, "side": "bid", "price": 49715.5021467674, "quantity": 41.553042961030854, "capture_latency_ms": 0.4210472106933594, "sequence_number": 2}
{"exchange": "mock", "pair": "BTC-USDT", "timestamp_ms": 1754269064869, "side": "bid", "price": 49710.499580642754, "quantity": 70.85036611366327, "capture_latency_ms": 0.4210472106933594, "sequence_number": 2}
{"exchange": "mock", "pair": "BTC-USDT", "timestamp_ms": 1754269064869, "side": "bid", "price": 49705.49701451811, "quantity": 36.507468430812, "capture_latency_ms": 0.4210472106933594, "sequence_number": 2}
{"exchange": "mock", "pair": "BTC-USDT", "timestamp_ms": 1754269064869, "side": "bid", "price": 49700.49444839346, "quantity": 67.78378613489444, "capture_latency_ms": 0.4210472106933594, "sequence_number": 2}
{"exchange": "mock", "pair": "BTC-USDT", "timestamp_ms": 1754269064869, "side": "bid", "price": 49695.491882268805, "quantity": 34.26789964691189, "capture_latency_ms": 0.4210472106933594, "sequence_number": 2}
{"exchange": "mock", "pair": "BTC-USDT", "timestamp_ms": 1754269064869, "side": "bid", "price": 49690.48931614416, "quantity": 21.981219897910588, "capture_latency_ms": 0.4210472106933594, "sequence_number": 2}
{"exchange": "mock", "pair": "BTC-USDT", "timestamp_ms": 1754269064869, "side": "bid", "price": 49685.48675001951, "quantity": 8.58993583284445, "capture_latency_ms": 0.4210472106933594, "sequence_number": 2}
{"exchange": "mock", "pair": "BTC-USDT", "timestamp_ms": 1754269064869, "side": "bid", "price": 49680.484183894856, "quantity": 56.39058944781263, "capture_latency_ms": 0.4210472106933594, "sequence_number": 2}
{"exchange": "mock", "pair": "BTC-USDT", "timestamp_ms": 1754269064869, "side": "bid", "price": 49675.48161777021, "quantity": 32.52596997895559, "capture_latency_ms": 0.4210472106933594, "sequence_number": 2}
{"exchange": "mock", "pair": "BTC-USDT", "timestamp_ms": 1754269064869, "side": "bid", "price": 49670.47905164556, "quantity": 22.439001975823878, "capture_latency_ms": 0.4210472106933594, "sequence_number": 2}
